3242 5500
385 530 431 597 60
727 546 842 597 arana
871 547 1022 596 Parmos.
1051 530 1068 609 §
1097 529 1176 597 142.

310 738 359 785 142
385 718 610 789 referrentur:
646 741 827 813 quumque
865 726 954 789 esset
990 719 1105 790 omnis
1141 720 1286 791 oratoris
1319 721 1372 809 vis
1397 747 1437 793 ac
1460 724 1510 794 fa-

384 826 495 899 cultas
520 826 557 897 in
583 826 740 922 quinque
765 835 879 922 partes
904 826 1106 913 distributa,
1133 838 1172 900 ut
1197 828 1339 901 deberet
1358 834 1510 926 reperire

384 936 538 1032 primum
575 935 662 1031 quid
678 988 680 995 -
699 934 847 1021 diceret,
885 935 1013 1007 deinde
1043 937 1187 1009 inventa
1215 962 1286 1009 non
1313 938 1428 1011 solum
1453 966 1507 1012 or-

384 1046 491 1129 dine,
532 1044 593 1115 sed
630 1044 736 1115 etiam
766 1052 944 1116 momento
969 1046 1122 1141 quodam
1147 1054 1252 1143 atque
1281 1048 1414 1119 iudicio
1438 1049 1507 1121 dis·

385 1178 531 1251 pensare
573 1160 677 1250 atque
719 1178 950 1249 componere,
992 1162 1067 1226 tum
1110 1180 1150 1228 ea
1194 1155 1347 1252 denique
1384 1158 1509 1230 vestire

383 1271 488 1358 atque
512 1287 635 1334 ornare
660 1263 832 1347 oratione,
858 1271 939 1357 post
962 1265 1131 1336 memoria
1156 1265 1301 1360 saepire,
1327 1265 1374 1336 ad
1398 1276 1508 1339 extre·

253 1424 258 1437 .
311 1392 361 1440 rra
384 1396 483 1443 mum
524 1394 628 1467 ogere
668 1396 749 1442 cum
792 1371 963 1467 dignitate
1005 1380 1038 1444 et
1074 1382 1272 1459 venustate;
1311 1374 1416 1448 etiam
1450 1377 1510 1449 iila

384 1505 573 1575 cognoram
599 1489 634 1552 et
658 1505 884 1575 acceperam,
909 1489 1010 1568 ante,
1037 1506 1142 1577 quam
1167 1482 1211 1555 de
1234 1508 1272 1555 re
1296 1483 1508 1571 diceremuS,

383 1590 484 1661 initio
521 1588 758 1661 conciliandos
797 1590 934 1661 eorum*
947 1615 1021 1663 esse
1050 1591 1210 1677 animos,
1236 1593 1298 1687 qui
1322 1593 1507 1679 audirent,

383 1698 511 1770 deinde
536 1722 611 1769 rem
636 1698 963 1785 demonstrandam,
990 1707 1110 1796 postea
1133 1703 1402 1773 controversiam
1427 1729 1507 1775 oon·

345 1818 349 1829 ’
385 1808 622 1893 stituendam,
659 1816 735 1879 turn
772 1808 833 1894 id,
865 1809 961 1904 quod
985 1833 1049 1881 nos
1074 1810 1359 1896 intenderemus,
1385 1814 1509 1884 confir-

383 1916 578 2002 mandum,
617 1925 721 2013 post,
760 1942 861 2013 quae,
887 1925 1006 1989 contra
1043 1918 1254 2005 dicerentur,
1294 1920 1507 2008 refellenda,

384 2033 537 2097 extrema
575 2033 691 2107 autem
728 2026 908 2111 oratione,
948 2052 1010 2111 ea,
1037 2052 1127 2122 quae
1153 2054 1215 2125 pro
1241 2028 1342 2101 nobis
1368 2039 1507 2116 essent,

383 2134 628 2231 amplificanda
666 2142 699 2207 et
723 2136 910 2229 augenda,
936 2160 1095 2232 quaeque
1120 2145 1236 2209 essent
1260 2163 1322 2232 pro
1347 2138 1507 2212 adversa·

383 2244 467 2329 riis,
494 2243 705 2315 infirmanda
729 2252 836 2340 atque
861 2244 1064 2339 frangenda⁴

311 2372 356 2440 32
430 2353 623 2425 Audieram
648 2353 754 2424 etiam
779 2377 869 2448 quae
896 2352 1129 2426 decretionis
1154 2355 1265 2450 ipsius
1292 2359 1508 2430 ornamentis

312 2486 358 2532 444
382 2463 621 2546 traderentur3
659 2462 696 2532 in
735 2486 805 2556 qua
842 2463 1055 2558 praecipitur
1092 2464 1246 2559 primum
1279 2472 1320 2536 ut
1352 2491 1442 2561 pure
1473 2478 1507 2539 et

383 2571 509 2643 Latine
534 2570 738 2666 loquamur;
767 2570 895 2642 deinde
920 2580 959 2642 ut
984 2572 1088 2668 plane
1113 2580 1147 2645 et
1172 2573 1337 2659 dilucide
1363 2585 1442 2647 tum
1467 2586 1508 2647 ut

383 2689 520 2768 ornate;
546 2687 626 2776 post
650 2678 836 2752 adrerum
862 2680 1069 2776 dignitatem
1094 2691 1174 2778 apte
1198 2690 1232 2754 et
1252 2684 1353 2779 quasi
1366 2683 1506 2770 decore3

312 2814 357 2866 145
384 2790 674 2886 singularumque
698 2814 817 2862 rerum
840 2799 1026 2887 praecepta
1038 2817 1237 2888 cognoram.
1266 2795 1506 2882 Quinetiam,

384 2924 474 2997 quae
510 2900 661 2970 maxime
696 2900 838 2996 propria
867 2908 984 2972 essent
1007 2908 1171 2988 naturae,
1196 2910 1313 2975 tamen
1338 2903 1394 2976 his
1419 2905 1507 3002 ipsis

383 3017 492 3080 artem
516 3007 675 3079 adhiberi
697 3007 871 3081 videram:
897 3033 980 3080 nam
1004 3008 1049 3080 de
1072 3010 1208 3082 actione
1232 3020 1267 3083 et
1281 3012 1323 3083 de
1336 3015 1507 3086 memoria

384 3116 555 3214 quaedam
580 3115 716 3203 brevia,
743 3117 804 3188 sed
826 3142 954 3213 magna
974 3143 1055 3190 oum
1066 3121 1309 3193 exercitatione
1321 3131 1508 3218 praecepta
1563 3142 1566 3147 ’

384 3233 573 3320 gustarem.
626 3226 669 3296 In
699 3225 754 3297 his
784 3228 879 3298 enim
911 3227 982 3298 fere
1011 3227 1116 3300 rebus
1141 3229 1255 3300 omnis
1279 3229 1426 3303 istorum
1450 3257 1506 3303 ar-

382 3337 516 3408 tificum
554 3334 711 3406 doctrina
747 3344 918 3409 versetur:
941 3362 1063 3431 ,quam
1099 3362 1165 3432 ego
1201 3340 1231 3411 si
1267 3339 1357 3411 nihil
1390 3341 1507 3414 dicam

383 3445 574 3529 adiuvare,
589 3445 754 3516 mentiar:
781 3444 887 3517 habet
912 3447 1006 3518 enim
1028 3447 1201 3541 quaedam
1222 3449 1324 3543 quasi
1344 3449 1389 3520 ad
1409 3476 1505 3522 com·

383 3554 598 3626 monendum
622 3562 830 3641 oratorem,·
847 3579 918 3649 quo
943 3556 1100 3651 quidque
1122 3557 1267 3644 referet,
1293 3566 1329 3630 et
1353 3584 1424 3654 quo
1448 3562 1504 3632 in-

418 3773 474 3818 142.
501 3771 529 3817 io
548 3772 654 3831 quinque
666 3773 756 3831 partes
775 3772 918 3818 distributa.
1004 3773 1060 3820 144.
1084 3787 1147 3834 quae
1165 3799 1199 3808 —
1217 3757 1389 3822 traderentur.
1427 3776 1506 3824 Nihili

384 3849 513 3897 Vindicavi
533 3848 598 3896 hanc
618 3849 775 3909 partitionem
795 3849 821 3896 in
841 3849 917 3896 inter·
968 3855 1005 3897 ert
1025 3850 1051 3897 h.
1072 3852 1090 3898 l.
1113 3851 1290 3900 Coniunctivus
1306 3853 1363 3910 iile,
1378 3858 1404 3901 et
1417 3868 1506 3903 neees-

383 3927 573 3988 pretandoloco
587 3928 656 3976 Orat.
672 3931 684 3985 5
700 3927 740 3984 50,
755 3927 780 3974 in
795 3930 918 3975 Mnemos.
967 3929 1031 3976 sario
1052 3930 1240 3992 corrigendum,
1268 3932 1414 3989 traduntur,
1440 3934 1505 3982 sicut

383 4007 430 4053 IX.
444 4020 470 4066 p.
484 4007 541 4053 299.
556 4019 593 4065 sq.
967 4012 1119 4064 4444444414,
1130 4010 1296 4070 praecipitur.

321 4143 323 4149 Ι
419 4086 471 4131 tum
484 4099 512 4130 ea
526 4085 629 4144 denique
641 4085 739 4131 restire.
753 4085 841 4144 Neque
851 4088 919 4132 recte
1003 4087 1059 4134 145.
1077 4103 1165 4149 manna
1177 4103 1233 4136 enm
1246 4089 1433 4136 coercitatione.
1452 4091 1502 4137 Ne-

382 4163 518 4224 iunguntur
539 4163 591 4208 ium
605 4163 723 4223 denique,
738 4176 843 4222 quorum
855 4162 919 4210 illud
967 4163 1026 4222 seio,
1041 4165 1101 4224 quid
1114 4166 1176 4223 aliis,
1190 4167 1234 4214 scd
1247 4166 1308 4213 mihi
1319 4167 1418 4215 videtur
1430 4182 1502 4215 ener-

381 4239 408 4288 in
428 4241 490 4288 serie
509 4245 533 4289 et
546 4240 632 4288 ordine
646 4254 717 4288 suum
730 4241 814 4288 locum
827 4238 918 4298 habet,
967 4243 1054 4291 citatio
1067 4258 1118 4292 non
1131 4259 1203 4304 posse
1217 4245 1266 4292 dici
1279 4261 1375 4308 444944.
1410 4248 1504 4295 Tamen

384 4317 431 4366 hcc
443 4333 494 4366 unc
507 4317 584 4366 verbo
598 4318 714 4366 concludi
728 4318 919 4381 significatquae
967 4320 1034 4368 coni.
1049 4322 1085 4369 ΙΙ.
1102 4327 1114 4380 ξ
1129 4324 1174 4379 96,
1189 4327 1215 4370 et
1228 4324 1277 4371 ΙΙΙ.
1293 4328 1305 4382 5
1322 4324 1378 4372 105.

383 4401 439 4444 ante
453 4396 518 4444 dicta
532 4400 626 4453 essent3
640 4397 808 4457 nequeipsum
816 4398 919 4458 denique
1003 4401 1152 4462 1411414444
1171 4402 1294 4465 ideqisse.
1328 4403 1429 4451 Fnistrc
1441 4403 1504 4452 haec

382 4479 466 4535 aptum
474 4480 518 4532 est,
527 4477 714 4536 sequentepoet.
728 4475 917 4537 Corrigendum,
967 4477 1144 4527 defenduntur.
1182 4480 1303 4540 Equidem
1323 4481 1420 4529 collatis
1439 4496 1503 4542 quae

383 4555 434 4598 tum
448 4555 530 4600 eadem
544 4553 640 4602 vestire.
967 4571 1049 4617 supra,
1064 4561 1077 4615 §
1093 4558 1148 4615 lca,
1164 4558 1268 4616 etinfrc,
1284 4560 1362 4617 5186,
1377 4559 1502 4618 dicuntur,
