3242 5500
371 547 443 615 224
683 562 796 612 rosana
824 563 1024 612 succubus,
1054 545 1071 625 ὃ
1098 544 1180 612 249.

297 759 344 805 oea
369 736 495 810 verbis.
547 735 602 808 Ex
625 736 751 808 iisdem
774 744 893 808 autem
917 709 1001 808 locis
1018 736 1137 807 omnia
1154 742 1357 806 nascuntur.
1404 733 1492 804 Nam

370 846 466 942 quod
501 848 561 942 Sp.
602 845 774 931 Carvilio,
806 845 958 938 graviter
982 844 1193 917 claudicanti
1217 869 1259 914 ex
1276 843 1428 915 vulnere
1452 841 1492 912 ob

369 980 444 1028 rem
477 955 656 1052 publicam
690 961 851 1049 accepte,
887 962 922 1026 et
958 954 1004 1027 ob
1040 978 1118 1027 eam
1154 978 1296 1026 causam
1331 976 1492 1024 verecun-

371 1065 468 1138 danti
500 1065 537 1138 in
569 1063 752 1160 publicum
774 1063 935 1159 prodire,
962 1073 1074 1138 mater
1101 1063 1210 1150 dixit,
1244 1063 1330 1158 quin
1352 1061 1491 1158 prodis,

369 1175 421 1249 mi
457 1170 593 1270 Spuri?
633 1173 907 1268 quotiescumque
943 1173 1094 1271 qoodum
1129 1169 1265 1268 faciet,
1304 1172 1406 1246 toties
1436 1170 1493 1243 tibi

329 1349 333 1356 .
370 1299 511 1358 tuorum
547 1283 716 1357 uirtutum
752 1283 861 1354 ueniet
908 1282 945 1355 in
981 1295 1148 1369 mentone,
1167 1283 1427 1379 ·praeclarum‚
1464 1288 1492 1352 et

180 1416 189 1501 J
265 1443 271 1455 »
370 1419 474 1491 grave
503 1400 571 1466 est:
608 1392 704 1489 quod
736 1391 882 1464 Calvino
915 1393 1062 1466 Glaucia
1092 1392 1324 1478 claudicanti,
1362 1389 1424 1463 ubi
1448 1401 1492 1462 cst

369 1517 463 1579 octus
494 1501 606 1577 illud?
639 1526 725 1574 uum
754 1501 952 1574 claudicat?
985 1514 1023 1574 ot
1052 1501 1107 1574 lu'c
1128 1501 1294 1590 clodium,
1322 1500 1390 1572 hoe
1414 1499 1511 1572 ridi-¹

370 1616 490 1689 culum
524 1620 596 1684 est:
631 1620 667 1684 et
690 1619 880 1707 utrumque
903 1636 946 1684 ex
969 1635 1032 1697 eo,
1058 1593 1165 1708 quod
1179 1612 1215 1682 in
1244 1610 1491 1684 claudicatione

370 1722 598 1798 animadverti
638 1721 774 1818 potuit,
823 1728 874 1794 cst
919 1722 1076 1794 ductum.
1144 1717 1239 1804 Quid
1269 1719 1329 1792 loco
1361 1717 1491 1794 Noooio

258 1807 317 1857 υ
369 1832 552 1932 quase!
599 1855 715 1903 severe
750 1831 877 1927 Scipio.
952 1830 1001 1902 At
1035 1831 1072 1903 in
1107 1830 1198 1903 mole
1229 1831 1405 1916 olentem,
1443 1828 1488 1902 oi·

169 1968 284 2044 ⁴⁴³*
370 1943 431 2017 deo
462 1966 516 2015 nto
545 1965 569 2012 o
599 1952 632 2012 to
662 1938 924 2048 cuqoomoeniu,
956 1938 1170 2012 subridicule
1195 1938 1395 2035 Philippus.
1445 1938 1489 2010 At

369 2064 560 2148 utrumque
593 2073 707 2145 genus
742 2037 899 2122 continet
934 2048 1031 2121 verbi
1066 2048 1110 2121 ad
1143 2050 1286 2132 literam,
1318 2050 1487 2122 immutati

298 2189 346 2235 aso
370 2160 575 2238 similitudo.
626 2160 681 2230 Ex
714 2157 883 2254 ambiguo
915 2158 1010 2230 dicta
1042 2159 1096 2231 vel
1121 2158 1346 2254 argutissima
1367 2168 1487 2254 putan-

369 2282 445 2358 tur;
474 2270 631 2344 sednon
657 2257 794 2364 semper
818 2268 855 2338 in
881 2268 977 2353 ioco,
1005 2291 1108 2363 saepe
1136 2268 1240 2360 etiam
1263 2268 1302 2340 in
1327 2269 1488 2364 gravitate

372 2389 563 2455 versantur.
614 2378 780 2450 Africano
809 2377 871 2448 illo
899 2376 1042 2462 maiori,
1069 2400 1233 2449 coronam
1259 2376 1328 2449 sibi
1351 2379 1388 2450 in
1412 2403 1486 2450 con·

368 2492 461 2565 vivio
483 2492 529 2562 ad
554 2496 659 2584 caput
683 2485 977 2572 accommodanti,
1004 2511 1115 2582 quum
1137 2510 1178 2558 ca
1196 2486 1336 2583 saepius
1352 2511 1486 2583 rumpe-

369 2610 485 2686 retur,
531 2599 570 2670 P.
617 2596 775 2669 Lioinius
812 2594 946 2681 Varus,
994 2595 1066 2668 uolt
1103 2595 1246 2680 mirati,
1291 2597 1426 2693 inquit,
1460 2596 1488 2668 si

370 2735 440 2787 uon
473 2706 648 2783 oouoouit:
685 2719 791 2802 caput
807 2705 913 2779 -ono'on
942 2729 1108 2802 moqnunt
1140 2717 1210 2779 cst:
1249 2706 1423 2781 laudabile
1455 2714 1487 2779 et

190 2843 234 2964 (q
264 2880 267 2884 .
369 2823 568 2895 honestum.
620 2817 670 2889 At
699 2840 742 2887 ex
772 2815 896 2888 eodem
921 2839 1050 2911 gauere
1075 2817 1486 2903 aucmentacione

369 2930 462 3027 quod
482 2928 585 3014 dicit,
606 2950 747 3021 paulin.
800 2925 856 2995 Ne
878 2925 1007 2998 multa:
1036 2925 1174 2997 nullum
1195 2950 1308 3021 genus
1330 2936 1381 2999 est
1403 2927 1485 3012 ioci,

298 3067 342 3114 aar
370 3066 440 3137 quo
469 3063 541 3111 non
570 3061 614 3109 ex
638 3035 761 3107 eodem
785 3058 903 3107 severa
927 3043 963 3106 et
985 3036 1104 3130 gravia
1129 3045 1323 3109 sumantur.
1374 3038 1485 3132 Atque

369 3151 436 3223 hoo
460 3148 566 3221 otiam
590 3144 941 3218 animadvertendum
958 3151 1023 3230 cst,
1043 3168 1114 3216 non
1131 3169 1206 3217 esse
1218 3146 1486 3218 omniaridicula

369 3261 492 3333 faceta.
544 3254 643 3332 Quid
675 3254 771 3326 enim
805 3261 921 3349 potest
951 3277 1026 3326 esse
1051 3263 1123 3327 tam
1151 3254 1360 3342 ridiculum,
1385 3279 1485 3351 quam

370 3368 494 3443 sannio
518 3367 597 3439 est?
624 3364 686 3436 sed
710 3388 786 3449 ore,
811 3363 929 3449 vultu,
959 3359 1156 3459 [imitandis
1178 3363 1335 3437 moribus
1343 3360 1368 3461 ‚l
1390 3388 1484 3448 voce,

404 3737 462 3785 249.
487 3733 548 3795 quio
568 3727 672 3789 prodo,
696 3728 731 3774 mi
750 3726 836 3788 Spuri.
877 3728 908 3777 In
952 3743 1053 3789 porum.
1088 3729 1151 3779 Fieri
1171 3733 1253 3791 potest
1273 3735 1301 3778 ut
1314 3730 1355 3778 ille
1368 3730 1448 3778 luserit
1460 3730 1485 3777 in

371 3814 455 3865 Schol.
477 3808 602 3858 Iuvenalis
621 3807 694 3854 VIII.
716 3807 780 3864 264,
802 3806 875 3855 cultis
894 3822 908 3857 e
960 3808 1025 3857 tolet
1038 3809 1144 3857 Nomine
1157 3808 1271 3870 proprio,
1285 3814 1310 3858 et
1321 3809 1484 3857 simulddieo·

371 3892 520 3943 Codvosa.
536 3883 907 3950 (Lugd.Bat.1849)pag.25,
956 3888 1019 3936 tivo:
1041 3888 1085 3935 sed
1106 3889 1172 3937 calco
1191 3887 1326 3949 opponitur
1346 3889 1394 3935 eius
1411 3887 1485 3934 oratio

370 3972 436 4019 idem
465 3968 512 4015 hoo
536 3964 653 4013 tribuitur
680 3963 782 4011 Horatio
803 3962 907 4020 Cocliti,
957 3964 1035 4029 (quod
1048 3964 1136 4030 dicit),
1150 3970 1202 4015 tum
1216 3967 1280 4013 satio
1293 3971 1412 4027 ctpamom
1423 3966 1486 4013 inter

275 4041 280 4048 ’
371 4048 461 4097 claudo
474 4060 506 4095 ex
518 4044 631 4091 vulnere.
651 4039 734 4088 Verba
747 4042 908 4089 Scholiihaec
957 4058 982 4091 se
996 4050 1165 4107 opponuntur.
1185 4046 1320 4106 Aliquanto
1326 4041 1485 4093 meliusverba

371 4133 442 4177 suut:
457 4136 559 4185 cumque
572 4122 722 4182 tuaproboret
734 4121 765 4183 ll.
780 4120 909 4183 euprobr.)
958 4122 1065 4171 distinxi.
1101 4122 1174 4172 Couf.
1190 4123 1221 4170 ad
1235 4123 1293 4171 Div.
1309 4124 1354 4172 ΙΧ,
1370 4124 1406 4171 16.

371 4208 394 4255 ei
408 4204 520 4267 quidam,
540 4201 606 4261 qood
618 4199 810 4256 claudentem,
826 4200 908 4257 diost,
992 4203 1049 4250 251.
1067 4202 1195 4263 imttondte
1214 4204 1330 4251 moribus.
1363 4200 1428 4261 Quod
1445 4200 1486 4247 vir

367 4300 416 4347 per
447 4281 556 4343 sinuatos
583 4278 677 4341 qrodm
702 4292 767 4323 meos
791 4278 910 4325 recordor
958 4280 998 4327 alii
1018 4280 1182 4338 concedatur,
1207 4294 1286 4328 mores
1306 4281 1410 4336 imitari,
1431 4291 1484 4325 om·-

372 4362 492 4422 tre'umpti
505 4359 561 4405 met.
626 4379 634 4386 ·
958 4356 1027 4403 nium
1047 4357 1148 4405 miniine
1169 4358 1200 4405 dc
1213 4360 1330 4405 counione
1343 4358 1388 4405 diei
1400 4360 1484 4417 potest.

405 4445 432 4488 tu
445 4437 630 4488 claudicatione.
665 4434 785 4495 Requiro,
801 4435 828 4481 iu
840 4438 908 4483 clou-
959 4435 1009 4483 Ista
1022 4432 1099 4483 verba
1112 4436 1172 4493 mibi
1186 4436 1333 4498 interpolata
1347 4436 1461 4483 ridentur.

371 4520 477 4569 illocale.
991 4528 1126 4572 morosum,
1147 4517 1345 4575 noperstttioeum
1361 4542 1398 4561 „,
1428 4513 1488 4559 Non

406 4599 463 4645 250.
482 4596 564 4644 ecloue
589 4594 652 4639 satir
671 4594 726 4646 θείς
747 4590 813 4653 quod
832 4590 908 4649 dicit,
958 4590 1088 4652 oportebat
1103 4592 1164 4641 haec
1178 4609 1191 4641 a
1205 4609 1244 4641 me
1253 4594 1353 4656 corrigi,
1368 4593 1483 4640 sicutten·
