3242 5500
361 545 382 614 8
706 561 821 612 crana
846 561 997 611 ruinas.
1026 543 1044 624 §
1071 542 1129 610 15.

361 744 402 808 ut
433 735 477 808 ad
508 759 584 808 eam
614 734 828 819 doctrinam,
859 758 965 828 quarn
989 758 1053 805 suo
1078 733 1229 828 quisque
1254 731 1370 804 studio
1393 757 1485 803 asse·

361 853 463 918 cutus
489 851 602 931 esset,
633 843 885 938 adiungeretur
914 867 999 915 usus
1024 842 1214 938 frequens,
1242 841 1304 938 qui
1328 842 1487 914 omnium

362 955 609 1051 magistrorum
645 961 831 1051 praecepta
867 960 1056 1048 superaret.
1113 952 1224 1024 Erant
1259 959 1377 1025 autem
1406 951 1489 1023 huic

362 1063 480 1136 studio
504 1064 675 1149 maxima,
702 1087 792 1158 quae
808 1087 904 1135 nunc
921 1087 1062 1158 quoque
1080 1069 1182 1148 sunt,
1196 1060 1373 1158 proposita
1389 1086 1488 1158 prae·

362 1173 456 1260 mia,
483 1173 537 1244 vel
561 1173 607 1244 ad
630 1172 801 1268 gratiam,
829 1172 884 1244 vel
907 1171 953 1243 ad
976 1195 1085 1267 opes,
1115 1171 1171 1242 vel
1196 1170 1242 1243 ad
1265 1170 1486 1266 dignitatern.

363 1283 514 1379 Ingenia
543 1307 624 1354 vero
657 1285 711 1369 (ut
741 1281 862 1353 multis
891 1280 997 1352 rebus
1021 1303 1209 1376 possumus
1237 1280 1406 1367 iudicare)
1426 1305 1489 1352 no·

344 1377 517 1466 'atrorum
546 1390 731 1464 hominum
760 1391 912 1463 multum
948 1390 1072 1462 ceteris
1102 1389 1306 1462 hominibus
1330 1391 1490 1462 omnium

308 1530 338 1576 1a
364 1502 524 1599 gentium
559 1502 819 1598 praestiterunt.
872 1500 1013 1577 Quibus
1063 1500 1106 1571 de
1143 1500 1257 1573 causis
1301 1501 1381 1595 quis
1418 1525 1491 1573 non

365 1613 442 1684 iure
471 1611 643 1698 miretur,
676 1636 719 1683 ex
743 1610 841 1683 omni
864 1610 1032 1682 memoria
1056 1617 1234 1696 aetatum,
1266 1618 1490 1708 temporum,

365 1721 568 1807 civitatum,
600 1729 673 1793 tam
702 1721 872 1815 exiguum
895 1726 1072 1792 oratorum
1096 1744 1284 1791 numerum
1311 1720 1492 1794 inveniri?

368 1831 437 1902 Sed
466 1817 634 1903 nimirum
667 1831 780 1902 maius
810 1837 862 1901 est
890 1827 956 1901 hoc
992 1829 1161 1925 quiddam
1195 1854 1302 1925 quam
1331 1829 1492 1902 homines

367 1939 577 2036 opinantur,
604 1947 637 2011 et
661 1938 824 2036 pluribus
848 1938 1048 2012 exortibus
1079 1939 1275 2034 studiisque
1296 1940 1491 2014 collectum.

318 2052 338 2119 5
367 2050 466 2127 Quid
478 2051 571 2121 enim
586 2050 664 2145 quis
677 2049 790 2136 aliud,
804 2049 841 2120 in
855 2049 1007 2122 maxima
1024 2049 1235 2122 discentium
1245 2049 1492 2141 multitudine,

367 2184 504 2232 summa
532 2159 779 2254 magistrorum
807 2159 927 2254 copia,
965 2159 1273 2254 praestantissimis
1307 2158 1492 2233 hominum

367 2269 544 2365 ingeniiS,
576 2270 715 2343 infinita
744 2293 928 2342 causarum
954 2270 1138 2356 varietate,
1169 2269 1396 2366 amplissimis
1421 2271 1491 2344 elo·

368 2377 533 2475 quentiae
562 2379 748 2476 propositis
778 2379 968 2476 praemiiS,
1007 2405 1082 2452 esse
1106 2405 1229 2452 causae
1258 2388 1383 2479 putet,
1421 2382 1491 2454 nisi

367 2489 418 2560 rei
447 2488 623 2584 quandam
652 2489 894 2561 incredibilem
923 2490 1206 2585 magnitudinem
1234 2515 1274 2564 ac
1307 2489 1490 2563 difficulta-

315 2599 472 2678 ntem?
531 2598 596 2670 Est
632 2599 726 2672 enim
763 2607 796 2671 et
833 2599 978 2671 seientia
1013 2600 1340 2697 comprehendenda
1374 2625 1491 2672 rerum

370 2708 624 2806 plurimarum,
652 2710 727 2782 sine
749 2734 819 2806 qua
837 2707 1022 2782 verborum
1038 2710 1238 2785 volubilitas
1255 2711 1370 2785 inanis
1387 2719 1492 2808 atque

369 2818 547 2891 irridenda
577 2827 653 2906 est,
692 2828 725 2892 et
755 2821 832 2916 ipsa
861 2820 969 2892 oratio
999 2821 1248 2893 conformanda
1276 2847 1348 2895 non
1378 2823 1491 2895 solum

370 2928 556 3017 electione,
583 2930 766 3003 sedetiam
788 2929 1045 3003 constructione
1069 2930 1274 3018 verborum,
1308 2940 1342 3004 et
1371 2957 1490 3004 omnes
1521 2974 1531 2989 ·

369 3039 567 3111 animorum
596 3047 733 3128 motus,
765 3065 854 3136 quos
882 3038 1066 3112 hominurn
1095 3042 1216 3137 generi
1249 3037 1398 3138 [rerum]
1430 3067 1489 3115 na-

369 3154 448 3220 tura
476 3148 620 3236 tribuit,
651 3150 792 3246 penitus
818 3148 1067 3247 pernoscendi;
1100 3152 1195 3247 quod
1224 3152 1338 3224 omnis
1361 3153 1414 3224 vis
1438 3177 1490 3224 ra·

371 3257 490 3353 tioque
519 3258 658 3333 dicendi
688 3260 725 3331 in
757 3285 898 3348 eorum,
930 3261 992 3356 qui
1026 3261 1196 3348 audiunt,
1227 3261 1405 3334 mentibus
1434 3269 1492 3334 aut

373 3573 399 3621 in
423 3571 511 3635 quibus
532 3572 580 3621 1110
594 3572 668 3621 modo
676 3574 807 3635 proposita
821 3574 908 3623 (11011-
960 3588 1018 3623 eum
1038 3573 1192 3623 dubitatione
1214 3576 1322 3621 assumat
1335 3571 1377 3637 (ut
1389 3573 1495 3635 explicui

373 3657 429 3710 tur,
448 3666 538 3713 nempe
555 3666 599 3711 ea,
614 3665 676 3714 quae
690 3654 764 3701 modo
778 3659 836 3703 ante
850 3658 862 3712 ξ
878 3655 908 3703 31
961 3653 992 3701 ad
1006 3655 1087 3716 Leges
1101 3668 1127 3714 p.
1142 3650 1220 3715 342),
1239 3656 1312 3713 atque
1318 3652 1371 3714 ipsa
1378 3652 1495 3700 inchoare

374 3735 499 3794 posuerat.
960 3736 1057 3794 poterat
1071 3731 1232 3790 sententiam,
1248 3746 1311 3792 quae
1325 3746 1399 3794 saepe
1411 3736 1495 3780 tamen

411 3808 454 3871 16)
473 3808 521 3855 Sed
539 3810 664 3857 nimirum.
683 3812 753 3869 Quae
767 3825 798 3859 ex
812 3811 865 3860 aliis
879 3812 910 3859 li-
960 3810 1130 3873 prcemunitur
1142 3811 1190 3858 alia
1202 3809 1369 3859 admonitione
1376 3811 1494 3873 praemis·

375 3887 426 3935 bris
446 3888 632 3936 commendatur
652 3888 741 3946 lectio,
769 3889 814 3935 red
832 3891 911 3948 enim,
961 3904 996 3938 sa.
1021 3890 1142 3951 Exemplo
1155 3888 1262 3947 sithoc,
1281 3890 1352 3939 Offic
1368 3890 1404 3938 11.
1420 3894 1432 3948 §
1448 3892 1494 3938 69:

376 3967 432 4015 ideo
445 3966 598 4028 repudianda
612 3971 678 4025 erat,
697 3966 815 4029 quoniam
832 3970 912 4032 (quod
959 3968 1005 4014 ced
1041 3966 1284 4016 animaduertendum
1317 3968 1355 4014 eat
1392 3968 1494 4031 diligen·

376 4048 460 4093 tamen
487 4045 574 4108 partie.
602 4047 666 4093 enim
686 4045 840 4110 postulabat)
861 4063 911 4096 non
962 4047 1300 4109 tas,quaenaturarerum
1311 4048 1355 4094 rit.
1370 4047 1497 4095 Nimirum

378 4123 522 4186 explicatur,
532 4138 605 4185 quam
612 4123 644 4174 ob
651 4140 704 4173 rem
712 4126 912 4174 iuremiraudum
960 4127 1080 4183 enim—3
1104 4131 1130 4175 et
1151 4130 1163 4185 ξ
1189 4128 1236 4184 71,
1253 4125 1331 4173 aedri
1344 4138 1385 4173 rea
1398 4128 1425 4173 in
1439 4140 1495 4174 eon-

378 4202 409 4251 sit
421 4207 472 4251 tam
480 4202 595 4265 exiguum
603 4218 733 4252 numerum
740 4206 910 4253 0111011111-
961 4206 1093 4252 tentionem
1110 4206 1202 4263 veniet,
1224 4206 1341 4253 nimirum
1362 4206 1495 4253 rteman-

377 4280 467 4330 veniri:
483 4286 577 4340 contra,
590 4280 700 4331 obtinere
707 4284 762 4331 vult
767 4283 793 4331 id
801 4298 851 4332 non
859 4298 911 4333 esse
961 4286 1009 4331 elea
1022 4284 1060 4330 ert
1073 4285 1161 4331 auctor
1173 4282 1331 4332 camoenae.
1360 4283 1422 4333 Aliis
1435 4286 1497 4333 loeis

377 4360 525 4419 mirandum,
534 4360 647 4422 (ef.§l9)
655 4361 780 4423 utiturque
788 4363 911 4421 eonimed,
960 4353 1060 4425 proprie
1087 4363 1272 4427 coniunguntur
1298 4361 1343 4409 ced
1362 4363 1495 4421 nimirum,

378 4438 417 4486 cui
430 4453 475 4500 per
487 4437 708 4501 breviloquentiam
721 4441 802 4489 statim
814 4441 912 4490 subiici·
961 4442 1024 4490 sieut
1038 4444 1136 4490 Muren.
1152 4447 1164 4501 §
1179 4444 1228 4498 45,
1244 4441 1287 4490 ubi
1300 4456 1329 4489 ea
1336 4441 1390 4503 ipsa
1397 4456 1495 4491 correc-

378 4522 418 4565 tur
432 4519 563 4577 nimirum,
581 4533 643 4581 quae
657 4520 792 4581 particula,
810 4535 911 4583 compo·
961 4522 995 4569 tio
1010 4525 1047 4569 est
1060 4522 1124 4579 eius,
1139 4521 1206 4582 quod
1219 4521 1354 4582 praecedit.

377 4595 423 4643 site
437 4610 467 4645 ex
481 4599 571 4645 mirum
584 4600 625 4656 ai,
644 4612 694 4647 non
702 4598 912 4662 simpliciter,sed
997 4599 1026 4650 17
1047 4600 1156 4661 [rerum]
1178 4602 1279 4649 natura.
1320 4603 1403 4649 Motus
1420 4601 1497 4649 enimi
1589 4594 1595 4608 ‘
