<?xml version="1.0" encoding="UTF-8"?>
<!DOCTYPE html PUBLIC "-//W3C//DTD XHTML 1.0 Transitional//EN"
    "http://www.w3.org/TR/xhtml1/DTD/xhtml1-transitional.dtd">
<html xmlns="http://www.w3.org/1999/xhtml" xml:lang="en" lang="en">
 <head>
  <title>
</title>
<meta http-equiv="Content-Type" content="text/html;charset=utf-8" />
  <meta name='ocr-system' content='tesseract 3.04.00' />
  <meta name='ocr-capabilities' content='ocr_page ocr_carea ocr_par ocr_line ocrx_word'/>
</head>
<body>
  <div class='ocr_page' id='page_1' title='image "./mtulliiciceroni01bakegoog_0200.png"; bbox 0 0 3242 5500; ppageno 0'>
   <div class='ocr_carea' id='block_1_1' title="bbox 387 535 1194 618">
    <p class='ocr_par' dir='ltr' id='par_1_1' title="bbox 387 535 1194 618">
     <span class='ocr_line' id='line_1_1' title="bbox 387 535 1194 618; baseline 0.002 -15"><span class='ocrx_word' id='word_1_1' title='bbox 387 535 456 605; x_wconf 83' lang='lat'><strong>180</strong></span> <span class='ocrx_word' id='word_1_2' title='bbox 698 557 812 605; x_wconf 79' lang='lat' dir='ltr'><strong>mana</strong></span> <span class='ocrx_word' id='word_1_3' title='bbox 838 555 1039 606; x_wconf 72' lang='lat' dir='ltr'>SECUNDUS.</span> <span class='ocrx_word' id='word_1_4' title='bbox 1068 539 1085 618; x_wconf 55' lang='grc' dir='ltr'>ὃ</span> <span class='ocrx_word' id='word_1_5' title='bbox 1113 537 1194 606; x_wconf 77' lang='lat' dir='ltr'><strong>lca.</strong></span> 
     </span>
    </p>
   </div>
   <div class='ocr_carea' id='block_1_2' title="bbox 317 728 1499 3122">
    <p class='ocr_par' dir='ltr' id='par_1_2' title="bbox 317 728 1497 2026">
     <span class='ocr_line' id='line_1_2' title="bbox 385 728 1496 826; baseline 0.001 -27"><span class='ocrx_word' id='word_1_6' title='bbox 385 736 426 800; x_wconf 91' lang='lat' dir='ltr'><strong>ut</strong></span> <span class='ocrx_word' id='word_1_7' title='bbox 462 729 532 824; x_wconf 92' lang='lat' dir='ltr'><strong>ipsi</strong></span> <span class='ocrx_word' id='word_1_8' title='bbox 568 729 662 801; x_wconf 92' lang='lat' dir='ltr'><strong>soleo</strong></span> <span class='ocrx_word' id='word_1_9' title='bbox 695 728 831 815; x_wconf 84' lang='lat' dir='ltr'>dicere,</span> <span class='ocrx_word' id='word_1_10' title='bbox 870 752 940 800; x_wconf 90' lang='lat' dir='ltr'><strong>non</strong></span> <span class='ocrx_word' id='word_1_11' title='bbox 976 728 1113 800; x_wconf 82' lang='lat' dir='ltr'><strong>licebit:</strong></span> <span class='ocrx_word' id='word_1_12' title='bbox 1153 751 1268 824; x_wconf 91' lang='lat' dir='ltr'><strong>neque</strong></span> <span class='ocrx_word' id='word_1_13' title='bbox 1303 729 1397 800; x_wconf 93' lang='lat' dir='ltr'><strong>enim</strong></span> <span class='ocrx_word' id='word_1_14' title='bbox 1432 730 1496 826; x_wconf 88' lang='lat' dir='ltr'><strong>ipse</strong></span> 
     </span>
     <span class='ocr_line' id='line_1_3' title="bbox 386 836 1496 934; baseline 0.002 -26"><span class='ocrx_word' id='word_1_15' title='bbox 386 838 557 910; x_wconf 84' lang='lat' dir='ltr'><strong>auxilium</strong></span> <span class='ocrx_word' id='word_1_16' title='bbox 602 863 705 910; x_wconf 91' lang='lat' dir='ltr'><strong>suum</strong></span> <span class='ocrx_word' id='word_1_17' title='bbox 750 863 770 909; x_wconf 96' lang='lat' dir='ltr'><strong>a</strong></span> <span class='ocrx_word' id='word_1_18' title='bbox 807 838 889 910; x_wconf 91' lang='lat' dir='ltr'><strong>viris</strong></span> <span class='ocrx_word' id='word_1_19' title='bbox 925 836 1028 910; x_wconf 90' lang='lat' dir='ltr'><strong>bonis</strong></span> <span class='ocrx_word' id='word_1_20' title='bbox 1063 837 1190 910; x_wconf 88' lang='lat' dir='ltr'><strong>frustra</strong></span> <span class='ocrx_word' id='word_1_21' title='bbox 1229 838 1408 934; x_wconf 89' lang='lat' dir='ltr'><strong>implorari</strong></span> <span class='ocrx_word' id='word_1_22' title='bbox 1447 863 1496 934; x_wconf 91' lang='lat' dir='ltr'><strong>pa·</strong></span> 
     </span>
     <span class='ocr_line' id='line_1_4' title="bbox 386 946 1497 1044; baseline -0.002 -24"><span class='ocrx_word' id='word_1_23' title='bbox 386 947 512 1033; x_wconf 88' lang='lat' dir='ltr'><strong>tietur,</strong></span> <span class='ocrx_word' id='word_1_24' title='bbox 549 972 664 1044; x_wconf 89' lang='lat' dir='ltr'><strong>neque</strong></span> <span class='ocrx_word' id='word_1_25' title='bbox 695 948 733 1020; x_wconf 95' lang='lat' dir='ltr'><strong>id</strong></span> <span class='ocrx_word' id='word_1_26' title='bbox 766 972 878 1044; x_wconf 88' lang='lat' dir='ltr'><strong>aequo</strong></span> <span class='ocrx_word' id='word_1_27' title='bbox 910 948 1027 1020; x_wconf 88' lang='lat' dir='ltr'><strong>animo</strong></span> <span class='ocrx_word' id='word_1_28' title='bbox 1060 948 1148 1020; x_wconf 83' lang='lat' dir='ltr'><strong>foret</strong></span> <span class='ocrx_word' id='word_1_29' title='bbox 1176 946 1319 1035; x_wconf 89' lang='lat' dir='ltr'><strong>civitas,</strong></span> <span class='ocrx_word' id='word_1_30' title='bbox 1345 971 1453 1043; x_wconf 88' lang='lat' dir='ltr'><strong>quae,</strong></span> <span class='ocrx_word' id='word_1_31' title='bbox 1474 947 1497 1019; x_wconf 89' lang='lat' dir='ltr'><strong>si</strong></span> 
     </span>
     <span class='ocr_line' id='line_1_5' title="bbox 386 1056 1496 1152; baseline 0.002 -25"><span class='ocrx_word' id='word_1_32' title='bbox 386 1081 470 1128; x_wconf 88' lang='lat' dir='ltr'><strong>voce</strong></span> <span class='ocrx_word' id='word_1_33' title='bbox 498 1056 538 1129; x_wconf 89' lang='lat' dir='ltr'><strong>L.</strong></span> <span class='ocrx_word' id='word_1_34' title='bbox 571 1057 688 1130; x_wconf 81' lang='lat' dir='ltr'>Crassi</span> <span class='ocrx_word' id='word_1_35' title='bbox 718 1057 868 1144; x_wconf 83' lang='lat' dir='ltr'><strong>carebit,</strong></span> <span class='ocrx_word' id='word_1_36' title='bbox 900 1065 1105 1130; x_wconf 89' lang='lat' dir='ltr'><strong>ornamento</strong></span> <span class='ocrx_word' id='word_1_37' title='bbox 1128 1057 1280 1152; x_wconf 88' lang='lat' dir='ltr'><strong>quodam</strong></span> <span class='ocrx_word' id='word_1_38' title='bbox 1304 1081 1380 1128; x_wconf 89' lang='lat' dir='ltr'><strong>sese</strong></span> <span class='ocrx_word' id='word_1_39' title='bbox 1405 1057 1496 1152; x_wconf 91' lang='lat' dir='ltr'><strong>spoli·</strong></span> 
     </span>
     <span class='ocr_line' id='line_1_6' title="bbox 387 1165 1497 1262; baseline -0.003 -24"><span class='ocrx_word' id='word_1_40' title='bbox 387 1173 481 1238; x_wconf 90' lang='lat' dir='ltr'><strong>atam</strong></span> <span class='ocrx_word' id='word_1_41' title='bbox 502 1166 652 1262; x_wconf 89' lang='lat' dir='ltr'><strong>putabit.</strong></span> <span class='ocrx_word' id='word_1_42' title='bbox 681 1166 757 1240; x_wconf 91' lang='lat' dir='ltr'><strong>Iam</strong></span> <span class='ocrx_word' id='word_1_43' title='bbox 780 1167 916 1253; x_wconf 89' lang='lat' dir='ltr'><strong>hercle,</strong></span> <span class='ocrx_word' id='word_1_44' title='bbox 937 1167 1054 1262; x_wconf 90' lang='lat' dir='ltr'><strong>inquit</strong></span> <span class='ocrx_word' id='word_1_45' title='bbox 1078 1166 1269 1253; x_wconf 90' lang='lat' dir='ltr'><strong>Antonius,</strong></span> <span class='ocrx_word' id='word_1_46' title='bbox 1289 1167 1319 1238; x_wconf 91' lang='lat' dir='ltr'><strong>si</strong></span> <span class='ocrx_word' id='word_1_47' title='bbox 1336 1165 1497 1238; x_wconf 89' lang='lat' dir='ltr'><strong>haecvere</strong></span> 
     </span>
     <span class='ocr_line' id='line_1_7' title="bbox 387 1275 1496 1371; baseline 0 -26"><span class='ocrx_word' id='word_1_48' title='bbox 387 1300 409 1346; x_wconf 89' lang='lat' dir='ltr'><strong>a</strong></span> <span class='ocrx_word' id='word_1_49' title='bbox 433 1275 559 1348; x_wconf 85' lang='lat' dir='ltr'><strong>Catulo</strong></span> <span class='ocrx_word' id='word_1_50' title='bbox 584 1277 797 1363; x_wconf 88' lang='lat' dir='ltr'><strong>dictasunt,</strong></span> <span class='ocrx_word' id='word_1_51' title='bbox 823 1276 890 1349; x_wconf 89' lang='lat' dir='ltr'><strong>tibi</strong></span> <span class='ocrx_word' id='word_1_52' title='bbox 913 1301 1050 1348; x_wconf 92' lang='lat' dir='ltr'><strong>mecum</strong></span> <span class='ocrx_word' id='word_1_53' title='bbox 1072 1277 1108 1349; x_wconf 89' lang='lat' dir='ltr'><strong>in</strong></span> <span class='ocrx_word' id='word_1_54' title='bbox 1132 1277 1255 1348; x_wconf 90' lang='lat' dir='ltr'><strong>eodem</strong></span> <span class='ocrx_word' id='word_1_55' title='bbox 1272 1283 1325 1348; x_wconf 91' lang='lat' dir='ltr'><strong>est</strong></span> <span class='ocrx_word' id='word_1_56' title='bbox 1341 1275 1496 1371; x_wconf 84' lang='lat' dir='ltr'><strong>pistrino,</strong></span> 
     </span>
     <span class='ocr_line' id='line_1_8' title="bbox 387 1381 1496 1481; baseline -0.001 -25"><span class='ocrx_word' id='word_1_57' title='bbox 387 1385 531 1472; x_wconf 84' lang='lat' dir='ltr'><strong>Crasse,</strong></span> <span class='ocrx_word' id='word_1_58' title='bbox 566 1385 776 1473; x_wconf 88' lang='lat' dir='ltr'><strong>vivendum,</strong></span> <span class='ocrx_word' id='word_1_59' title='bbox 813 1394 848 1458; x_wconf 90' lang='lat' dir='ltr'><strong>et</strong></span> <span class='ocrx_word' id='word_1_60' title='bbox 873 1386 975 1458; x_wconf 87' lang='lat' dir='ltr'><strong>istam</strong></span> <span class='ocrx_word' id='word_1_61' title='bbox 1009 1386 1218 1458; x_wconf 78' lang='lat' dir='ltr'><strong>oscitantem</strong></span> <span class='ocrx_word' id='word_1_62' title='bbox 1245 1381 1296 1481; x_wconf 86' lang='lat' dir='ltr'><strong>[ct</strong></span> <span class='ocrx_word' id='word_1_63' title='bbox 1319 1385 1496 1457; x_wconf 86' lang='lat' dir='ltr'><strong>dormitan-</strong></span> 
     </span>
     <span class='ocr_line' id='line_1_9' title="bbox 387 1488 1497 1591; baseline -0.004 -24"><span class='ocrx_word' id='word_1_64' title='bbox 387 1488 476 1589; x_wconf 86' lang='lat' dir='ltr'><strong>tem]</strong></span> <span class='ocrx_word' id='word_1_65' title='bbox 509 1495 717 1591; x_wconf 87' lang='lat' dir='ltr'><strong>sapientiam</strong></span> <span class='ocrx_word' id='word_1_66' title='bbox 746 1491 1005 1591; x_wconf 86' lang='lat' dir='ltr'><strong>[Scaevolarum</strong></span> <span class='ocrx_word' id='word_1_67' title='bbox 1030 1503 1064 1567; x_wconf 93' lang='lat' dir='ltr'><strong>et</strong></span> <span class='ocrx_word' id='word_1_68' title='bbox 1092 1490 1302 1590; x_wconf 84' lang='lat' dir='ltr'><strong>ceterorum]</strong></span> <span class='ocrx_word' id='word_1_69' title='bbox 1329 1494 1497 1566; x_wconf 87' lang='lat' dir='ltr'><strong>beatorum</strong></span> 
     </span>
     <span class='ocr_line' id='line_1_10' title="bbox 317 1603 1496 1689; baseline 0.001 -17"><span class='ocrx_word' id='word_1_70' title='bbox 317 1626 364 1672; x_wconf 77' lang='lat' dir='ltr'><strong>res</strong></span> <span class='ocrx_word' id='word_1_71' title='bbox 387 1604 459 1676; x_wconf 88' lang='lat' dir='ltr'><strong>otio</strong></span> <span class='ocrx_word' id='word_1_72' title='bbox 483 1604 725 1677; x_wconf 90' lang='lat' dir='ltr'><strong>concedamus.</strong></span> <span class='ocrx_word' id='word_1_73' title='bbox 776 1604 906 1677; x_wconf 89' lang='lat' dir='ltr'><strong>Arrisit</strong></span> <span class='ocrx_word' id='word_1_74' title='bbox 929 1604 986 1677; x_wconf 94' lang='lat' dir='ltr'><strong>hic</strong></span> <span class='ocrx_word' id='word_1_75' title='bbox 1009 1605 1157 1677; x_wconf 83' lang='lat' dir='ltr'><strong>Crassus</strong></span> <span class='ocrx_word' id='word_1_76' title='bbox 1178 1604 1323 1689; x_wconf 91' lang='lat' dir='ltr'><strong>leniter,</strong></span> <span class='ocrx_word' id='word_1_77' title='bbox 1350 1612 1402 1689; x_wconf 90' lang='lat' dir='ltr'><strong>et,</strong></span> <span class='ocrx_word' id='word_1_78' title='bbox 1428 1603 1496 1674; x_wconf 88' lang='lat' dir='ltr'><strong>Per-</strong></span> 
     </span>
     <span class='ocr_line' id='line_1_11' title="bbox 386 1713 1497 1811; baseline 0 -27"><span class='ocrx_word' id='word_1_79' title='bbox 386 1719 466 1785; x_wconf 87' lang='lat' dir='ltr'><strong>texe</strong></span> <span class='ocrx_word' id='word_1_80' title='bbox 495 1714 620 1801; x_wconf 95' lang='lat' dir='ltr'><strong>modo,</strong></span> <span class='ocrx_word' id='word_1_81' title='bbox 650 1715 786 1811; x_wconf 90' lang='lat' dir='ltr'><strong>inquit,</strong></span> <span class='ocrx_word' id='word_1_82' title='bbox 818 1713 972 1800; x_wconf 88' lang='lat' dir='ltr'><strong>Antoni,</strong></span> <span class='ocrx_word' id='word_1_83' title='bbox 1005 1715 1100 1810; x_wconf 93' lang='lat' dir='ltr'><strong>quod</strong></span> <span class='ocrx_word' id='word_1_84' title='bbox 1129 1738 1272 1786; x_wconf 85' lang='lat' dir='ltr'><strong>exorsus</strong></span> <span class='ocrx_word' id='word_1_85' title='bbox 1297 1739 1354 1786; x_wconf 91' lang='lat' dir='ltr'><strong>es:</strong></span> <span class='ocrx_word' id='word_1_86' title='bbox 1382 1737 1436 1784; x_wconf 89' lang='lat' dir='ltr'><strong>me</strong></span> <span class='ocrx_word' id='word_1_87' title='bbox 1457 1719 1497 1784; x_wconf 86' lang='lat' dir='ltr'><strong>ta·</strong></span> 
     </span>
     <span class='ocr_line' id='line_1_12' title="bbox 387 1823 1495 1920; baseline -0.002 -26"><span class='ocrx_word' id='word_1_88' title='bbox 387 1847 469 1894; x_wconf 90' lang='lat' dir='ltr'><strong>men</strong></span> <span class='ocrx_word' id='word_1_89' title='bbox 495 1823 564 1894; x_wconf 88' lang='lat' dir='ltr'><strong>ista</strong></span> <span class='ocrx_word' id='word_1_90' title='bbox 592 1825 744 1896; x_wconf 82' lang='lat' dir='ltr'><strong>oscitans</strong></span> <span class='ocrx_word' id='word_1_91' title='bbox 774 1824 964 1920; x_wconf 91' lang='lat' dir='ltr'><strong>sapientia,</strong></span> <span class='ocrx_word' id='word_1_92' title='bbox 996 1823 1101 1896; x_wconf 87' lang='lat' dir='ltr'><strong>simul</strong></span> <span class='ocrx_word' id='word_1_93' title='bbox 1130 1830 1236 1919; x_wconf 89' lang='lat' dir='ltr'><strong>atque</strong></span> <span class='ocrx_word' id='word_1_94' title='bbox 1260 1823 1305 1894; x_wconf 89' lang='lat' dir='ltr'><strong>ad</strong></span> <span class='ocrx_word' id='word_1_95' title='bbox 1328 1847 1405 1894; x_wconf 92' lang='lat' dir='ltr'><strong>eam</strong></span> <span class='ocrx_word' id='word_1_96' title='bbox 1427 1845 1495 1894; x_wconf 87' lang='lat' dir='ltr'><strong>ron·</strong></span> 
     </span>
     <span class='ocr_line' id='line_1_13' title="bbox 324 1931 1041 2026; baseline 0.003 -24"><span class='ocrx_word' id='word_1_97' title='bbox 324 2014 327 2020; x_wconf 21' lang='lat'><em>¹</em></span> <span class='ocrx_word' id='word_1_98' title='bbox 388 1931 530 2026; x_wconf 82' lang='lat' dir='ltr'><strong>fugero,</strong></span> <span class='ocrx_word' id='word_1_99' title='bbox 556 1933 593 2004; x_wconf 93' lang='lat' dir='ltr'><strong>in</strong></span> <span class='ocrx_word' id='word_1_100' title='bbox 617 1932 814 2006; x_wconf 88' lang='lat' dir='ltr'><strong>libertatem</strong></span> <span class='ocrx_word' id='word_1_101' title='bbox 838 1931 1041 2006; x_wconf 85' lang='lat' dir='ltr'><strong>vindicabit.</strong></span> 
     </span>
    </p>

    <p class='ocr_par' dir='ltr' id='par_1_3' title="bbox 317 2030 1498 3014">
     <span class='ocr_line' id='line_1_14' title="bbox 317 2030 1498 2139; baseline -0.003 -27"><span class='ocrx_word' id='word_1_102' title='bbox 317 2044 364 2113; x_wconf 79' lang='lat'><strong>34</strong></span> <span class='ocrx_word' id='word_1_103' title='bbox 438 2039 557 2114; x_wconf 91' lang='lat' dir='ltr'><strong>Huius</strong></span> <span class='ocrx_word' id='word_1_104' title='bbox 593 2043 738 2139; x_wconf 93' lang='lat' dir='ltr'><strong>quidem</strong></span> <span class='ocrx_word' id='word_1_105' title='bbox 773 2043 859 2129; x_wconf 90' lang='lat' dir='ltr'><strong>loci,</strong></span> <span class='ocrx_word' id='word_1_106' title='bbox 898 2067 1003 2138; x_wconf 89' lang='lat' dir='ltr'><strong>quem</strong></span> <span class='ocrx_word' id='word_1_107' title='bbox 1034 2042 1139 2114; x_wconf 93' lang='lat' dir='ltr'><strong>modo</strong></span> <span class='ocrx_word' id='word_1_108' title='bbox 1162 2065 1240 2114; x_wconf 85' lang='lat' dir='ltr'><strong>sum</strong></span> <span class='ocrx_word' id='word_1_109' title='bbox 1265 2030 1428 2126; x_wconf 85' lang='lat' dir='ltr'><strong>exorsus,</strong></span> <span class='ocrx_word' id='word_1_110' title='bbox 1451 2039 1498 2110; x_wconf 92' lang='lat' dir='ltr'><strong>hio</strong></span> 
     </span>
     <span class='ocr_line' id='line_1_15' title="bbox 390 2150 1496 2248; baseline -0.003 -26"><span class='ocrx_word' id='word_1_111' title='bbox 390 2158 443 2223; x_wconf 88' lang='lat' dir='ltr'><strong>est</strong></span> <span class='ocrx_word' id='word_1_112' title='bbox 478 2151 579 2238; x_wconf 90' lang='lat' dir='ltr'><strong>finis,</strong></span> <span class='ocrx_word' id='word_1_113' title='bbox 610 2152 727 2248; x_wconf 90' lang='lat' dir='ltr'><strong>inquit</strong></span> <span class='ocrx_word' id='word_1_114' title='bbox 751 2151 951 2237; x_wconf 77' lang='lat' dir='ltr'><strong>Antonine,</strong></span> <span class='ocrx_word' id='word_1_115' title='bbox 981 2151 1161 2247; x_wconf 89' lang='lat' dir='ltr'><strong>(quoniam</strong></span> <span class='ocrx_word' id='word_1_116' title='bbox 1183 2150 1414 2245; x_wconf 83' lang='lat' dir='ltr'><strong>intelligitur,</strong></span> <span class='ocrx_word' id='word_1_117' title='bbox 1437 2173 1496 2220; x_wconf 88' lang='lat' dir='ltr'><strong>uon</strong></span> 
     </span>
     <span class='ocr_line' id='line_1_16' title="bbox 390 2258 1496 2357; baseline -0.004 -25"><span class='ocrx_word' id='word_1_118' title='bbox 390 2259 426 2332; x_wconf 90' lang='lat' dir='ltr'><strong>in</strong></span> <span class='ocrx_word' id='word_1_119' title='bbox 455 2258 639 2332; x_wconf 90' lang='lat' dir='ltr'><strong>hominum</strong></span> <span class='ocrx_word' id='word_1_120' title='bbox 668 2260 985 2333; x_wconf 88' lang='lat' dir='ltr'><strong>innumerabilibus</strong></span> <span class='ocrx_word' id='word_1_121' title='bbox 1014 2262 1192 2357; x_wconf 81' lang='lat' dir='ltr'><strong>personia,</strong></span> <span class='ocrx_word' id='word_1_122' title='bbox 1223 2285 1340 2356; x_wconf 90' lang='lat' dir='ltr'><strong>neque</strong></span> <span class='ocrx_word' id='word_1_123' title='bbox 1369 2260 1405 2331; x_wconf 92' lang='lat' dir='ltr'><strong>in</strong></span> <span class='ocrx_word' id='word_1_124' title='bbox 1430 2258 1496 2330; x_wconf 91' lang='lat' dir='ltr'><strong>infi-</strong></span> 
     </span>
     <span class='ocr_line' id='line_1_17' title="bbox 390 2369 1498 2466; baseline -0.003 -26"><span class='ocrx_word' id='word_1_125' title='bbox 390 2369 465 2441; x_wconf 91' lang='lat' dir='ltr'><strong>nita</strong></span> <span class='ocrx_word' id='word_1_126' title='bbox 488 2375 687 2465; x_wconf 89' lang='lat' dir='ltr'><strong>temporum</strong></span> <span class='ocrx_word' id='word_1_127' title='bbox 712 2370 899 2457; x_wconf 88' lang='lat' dir='ltr'><strong>varietate,</strong></span> <span class='ocrx_word' id='word_1_128' title='bbox 926 2370 988 2442; x_wconf 91' lang='lat' dir='ltr'><strong>sed</strong></span> <span class='ocrx_word' id='word_1_129' title='bbox 1012 2371 1049 2442; x_wconf 93' lang='lat' dir='ltr'><strong>in</strong></span> <span class='ocrx_word' id='word_1_130' title='bbox 1072 2393 1242 2466; x_wconf 85' lang='lat' dir='ltr'><strong>generum</strong></span> <span class='ocrx_word' id='word_1_131' title='bbox 1267 2369 1382 2442; x_wconf 90' lang='lat' dir='ltr'><strong>causis</strong></span> <span class='ocrx_word' id='word_1_132' title='bbox 1405 2376 1498 2464; x_wconf 90' lang='lat' dir='ltr'><strong>atque</strong></span> 
     </span>
     <span class='ocr_line' id='line_1_18' title="bbox 391 2479 1495 2576; baseline -0.004 -25"><span class='ocrx_word' id='word_1_133' title='bbox 391 2479 525 2551; x_wconf 87' lang='lat' dir='ltr'><strong>naturis</strong></span> <span class='ocrx_word' id='word_1_134' title='bbox 558 2479 676 2552; x_wconf 92' lang='lat' dir='ltr'><strong>omnia</strong></span> <span class='ocrx_word' id='word_1_135' title='bbox 710 2480 777 2552; x_wconf 91' lang='lat' dir='ltr'><strong>sita</strong></span> <span class='ocrx_word' id='word_1_136' title='bbox 813 2505 909 2567; x_wconf 89' lang='lat' dir='ltr'><strong>esse,</strong></span> <span class='ocrx_word' id='word_1_137' title='bbox 936 2503 1026 2576; x_wconf 90' lang='lat' dir='ltr'><strong>quae</strong></span> <span class='ocrx_word' id='word_1_138' title='bbox 1051 2481 1088 2552; x_wconf 90' lang='lat' dir='ltr'><strong>in</strong></span> <span class='ocrx_word' id='word_1_139' title='bbox 1115 2479 1262 2551; x_wconf 89' lang='lat' dir='ltr'><strong>dubium</strong></span> <span class='ocrx_word' id='word_1_140' title='bbox 1288 2485 1495 2559; x_wconf 89' lang='lat' dir='ltr'><strong>vocarentur;</strong></span> 
     </span>
     <span class='ocr_line' id='line_1_19' title="bbox 390 2571 1497 2684; baseline -0.004 -25"><span class='ocrx_word' id='word_1_141' title='bbox 390 2611 519 2684; x_wconf 85' lang='lat' dir='ltr'><strong>genera</strong></span> <span class='ocrx_word' id='word_1_142' title='bbox 552 2596 670 2660; x_wconf 86' lang='lat' dir='ltr'><strong>autem</strong></span> <span class='ocrx_word' id='word_1_143' title='bbox 707 2612 783 2660; x_wconf 89' lang='lat' dir='ltr'><strong>esse</strong></span> <span class='ocrx_word' id='word_1_144' title='bbox 817 2571 964 2661; x_wconf 76' lang='lat' dir='ltr'><strong>definita</strong></span> <span class='ocrx_word' id='word_1_145' title='bbox 999 2612 1069 2660; x_wconf 90' lang='lat' dir='ltr'><strong>non</strong></span> <span class='ocrx_word' id='word_1_146' title='bbox 1106 2588 1219 2660; x_wconf 89' lang='lat' dir='ltr'><strong>solum</strong></span> <span class='ocrx_word' id='word_1_147' title='bbox 1251 2612 1417 2673; x_wconf 86' lang='lat' dir='ltr'><strong>numere,</strong></span> <span class='ocrx_word' id='word_1_148' title='bbox 1445 2584 1497 2658; x_wconf 90' lang='lat' dir='ltr'><strong>sed</strong></span> 
     </span>
     <span class='ocr_line' id='line_1_20' title="bbox 391 2698 1497 2795; baseline -0.004 -25"><span class='ocrx_word' id='word_1_149' title='bbox 391 2699 495 2771; x_wconf 89' lang='lat' dir='ltr'><strong>etiarn</strong></span> <span class='ocrx_word' id='word_1_150' title='bbox 520 2699 730 2795; x_wconf 87' lang='lat' dir='ltr'><strong>paucitate),</strong></span> <span class='ocrx_word' id='word_1_151' title='bbox 757 2707 798 2771; x_wconf 94' lang='lat' dir='ltr'><strong>ut</strong></span> <span class='ocrx_word' id='word_1_152' title='bbox 822 2723 898 2772; x_wconf 92' lang='lat' dir='ltr'><strong>eam</strong></span> <span class='ocrx_word' id='word_1_153' title='bbox 916 2698 1102 2771; x_wconf 90' lang='lat' dir='ltr'><strong>materiem</strong></span> <span class='ocrx_word' id='word_1_154' title='bbox 1127 2698 1314 2785; x_wconf 86' lang='lat' dir='ltr'><strong>orationis,</strong></span> <span class='ocrx_word' id='word_1_155' title='bbox 1342 2721 1427 2793; x_wconf 90' lang='lat' dir='ltr'><strong>quac</strong></span> <span class='ocrx_word' id='word_1_156' title='bbox 1445 2719 1497 2767; x_wconf 94' lang='lat' dir='ltr'><strong>cu·</strong></span> 
     </span>
     <span class='ocr_line' id='line_1_21' title="bbox 390 2804 1496 2904; baseline -0.005 -24"><span class='ocrx_word' id='word_1_157' title='bbox 390 2808 517 2903; x_wconf 90' lang='lat' dir='ltr'><strong>iusque</strong></span> <span class='ocrx_word' id='word_1_158' title='bbox 546 2817 637 2881; x_wconf 88' lang='lat' dir='ltr'><strong>esset</strong></span> <span class='ocrx_word' id='word_1_159' title='bbox 666 2804 825 2904; x_wconf 86' lang='lat' dir='ltr'><strong>generis,</strong></span> <span class='ocrx_word' id='word_1_160' title='bbox 852 2808 1000 2881; x_wconf 88' lang='lat' dir='ltr'><strong>studiosi</strong></span> <span class='ocrx_word' id='word_1_161' title='bbox 1024 2808 1086 2904; x_wconf 94' lang='lat' dir='ltr'><strong>qui</strong></span> <span class='ocrx_word' id='word_1_162' title='bbox 1111 2815 1227 2880; x_wconf 89' lang='lat' dir='ltr'><strong>essent</strong></span> <span class='ocrx_word' id='word_1_163' title='bbox 1250 2807 1409 2893; x_wconf 87' lang='lat' dir='ltr'><strong>dicendi,</strong></span> <span class='ocrx_word' id='word_1_164' title='bbox 1432 2829 1496 2876; x_wconf 93' lang='lat' dir='ltr'><strong>om-</strong></span> 
     </span>
     <span class='ocr_line' id='line_1_22' title="bbox 391 2918 1498 3014; baseline -0.005 -24"><span class='ocrx_word' id='word_1_165' title='bbox 391 2918 497 2990; x_wconf 89' lang='lat' dir='ltr'><strong>nibus</strong></span> <span class='ocrx_word' id='word_1_166' title='bbox 535 2918 619 2991; x_wconf 94' lang='lat' dir='ltr'><strong>locis</strong></span> <span class='ocrx_word' id='word_1_167' title='bbox 657 2918 888 3014; x_wconf 87' lang='lat' dir='ltr'><strong>descriptam,</strong></span> <span class='ocrx_word' id='word_1_168' title='bbox 925 2918 1132 2990; x_wconf 85' lang='lat' dir='ltr'><strong>instructam</strong></span> <span class='ocrx_word' id='word_1_169' title='bbox 1162 2924 1390 3011; x_wconf 91' lang='lat' dir='ltr'><strong>ornatamque</strong></span> <span class='ocrx_word' id='word_1_170' title='bbox 1418 2937 1498 2988; x_wconf 93' lang='lat' dir='ltr'><strong>com·</strong></span> 
     </span>
    </p>

    <p class='ocr_par' dir='ltr' id='par_1_4' title="bbox 319 3019 1499 3122">
     <span class='ocr_line' id='line_1_23' title="bbox 319 3019 1499 3122; baseline -0.004 -25"><span class='ocrx_word' id='word_1_171' title='bbox 319 3052 365 3099; x_wconf 79' lang='lat' dir='ltr'><strong>raa</strong></span> <span class='ocrx_word' id='word_1_172' title='bbox 391 3025 668 3122; x_wconf 88' lang='lat' dir='ltr'><strong>prehenderent,</strong></span> <span class='ocrx_word' id='word_1_173' title='bbox 705 3027 810 3099; x_wconf 87' lang='lat' dir='ltr'><strong>rebus</strong></span> <span class='ocrx_word' id='word_1_174' title='bbox 848 3027 926 3099; x_wconf 93' lang='lat' dir='ltr'><strong>dico</strong></span> <span class='ocrx_word' id='word_1_175' title='bbox 961 3035 995 3099; x_wconf 90' lang='lat' dir='ltr'><strong>et</strong></span> <span class='ocrx_word' id='word_1_176' title='bbox 1037 3026 1240 3113; x_wconf 90' lang='lat' dir='ltr'><strong>sententiis,</strong></span> <span class='ocrx_word' id='word_1_177' title='bbox 1282 3019 1340 3121; x_wconf 87' lang='lat' dir='ltr'><strong>[ea</strong></span> <span class='ocrx_word' id='word_1_178' title='bbox 1380 3025 1412 3097; x_wconf 89' lang='lat' dir='ltr'><strong>vi</strong></span> <span class='ocrx_word' id='word_1_179' title='bbox 1445 3046 1499 3095; x_wconf 91' lang='lat' dir='ltr'><strong>sua</strong></span> 
     </span>
    </p>
   </div>
   <div class='ocr_carea' id='block_1_3' title="bbox 286 3394 1505 4630">
    <p class='ocr_par' dir='ltr' id='par_1_5' title="bbox 286 3394 1505 4630">
     <span class='ocr_line' id='line_1_24' title="bbox 427 3394 1500 3460; baseline -0.005 -14"><span class='ocrx_word' id='word_1_180' title='bbox 427 3400 478 3447; x_wconf 82' lang='lat' dir='ltr'><strong>iam</strong></span> <span class='ocrx_word' id='word_1_181' title='bbox 491 3398 580 3447; x_wconf 72' lang='lat' dir='ltr'><strong>hercle.</strong></span> <span class='ocrx_word' id='word_1_182' title='bbox 611 3398 715 3448; x_wconf 87' lang='lat' dir='ltr'><strong>Restitui</strong></span> <span class='ocrx_word' id='word_1_183' title='bbox 727 3400 792 3457; x_wconf 82' lang='lat' dir='ltr'><strong>iam,</strong></span> <span class='ocrx_word' id='word_1_184' title='bbox 806 3399 931 3460; x_wconf 89' lang='lat' dir='ltr'><strong>quumalii</strong></span> <span class='ocrx_word' id='word_1_185' title='bbox 980 3400 1106 3447; x_wconf 78' lang='lat' dir='ltr'><strong>beatorum</strong></span> <span class='ocrx_word' id='word_1_186' title='bbox 1126 3402 1210 3447; x_wconf 85' lang='lat' dir='ltr'><strong>tamen</strong></span> <span class='ocrx_word' id='word_1_187' title='bbox 1223 3398 1390 3460; x_wconf 83' lang='lat' dir='ltr'><strong>appellatione</strong></span> <span class='ocrx_word' id='word_1_188' title='bbox 1403 3394 1500 3444; x_wconf 83' lang='lat' dir='ltr'><strong>rihilest</strong></span> 
     </span>
     <span class='ocr_line' id='line_1_25' title="bbox 395 3474 1499 3535; baseline -0.003 -11"><span class='ocrx_word' id='word_1_189' title='bbox 395 3475 452 3525; x_wconf 88' lang='lat' dir='ltr'><strong>libri</strong></span> <span class='ocrx_word' id='word_1_190' title='bbox 473 3476 581 3525; x_wconf 87' lang='lat' dir='ltr'><strong>habeant</strong></span> <span class='ocrx_word' id='word_1_191' title='bbox 601 3492 672 3525; x_wconf 81' lang='lat' dir='ltr'><strong>nam:</strong></span> <span class='ocrx_word' id='word_1_192' title='bbox 693 3479 763 3525; x_wconf 90' lang='lat' dir='ltr'><strong>nulla</strong></span> <span class='ocrx_word' id='word_1_193' title='bbox 785 3477 852 3525; x_wconf 90' lang='lat' dir='ltr'><strong>enim</strong></span> <span class='ocrx_word' id='word_1_194' title='bbox 868 3477 931 3525; x_wconf 86' lang='lat' dir='ltr'><strong>ratio</strong></span> <span class='ocrx_word' id='word_1_195' title='bbox 981 3491 1038 3525; x_wconf 84' lang='lat' dir='ltr'><strong>oum</strong></span> <span class='ocrx_word' id='word_1_196' title='bbox 1057 3476 1150 3525; x_wconf 89' lang='lat' dir='ltr'><strong>invidia</strong></span> <span class='ocrx_word' id='word_1_197' title='bbox 1163 3476 1332 3525; x_wconf 89' lang='lat' dir='ltr'><strong>coniunctum.</strong></span> <span class='ocrx_word' id='word_1_198' title='bbox 1348 3474 1419 3525; x_wconf 87' lang='lat' dir='ltr'><strong>Conf.</strong></span> <span class='ocrx_word' id='word_1_199' title='bbox 1432 3475 1499 3535; x_wconf 76' lang='lat' dir='ltr'><strong>Legg·</strong></span> 
     </span>
     <span class='ocr_line' id='line_1_26' title="bbox 393 3555 1086 3617; baseline 0 -14"><span class='ocrx_word' id='word_1_200' title='bbox 393 3555 519 3614; x_wconf 82' lang='lat' dir='ltr'><strong>redditur,</strong></span> <span class='ocrx_word' id='word_1_201' title='bbox 534 3556 591 3614; x_wconf 87' lang='lat' dir='ltr'><strong>sed,</strong></span> <span class='ocrx_word' id='word_1_202' title='bbox 605 3556 666 3617; x_wconf 92' lang='lat' dir='ltr'><strong>quid</strong></span> <span class='ocrx_word' id='word_1_203' title='bbox 678 3555 790 3604; x_wconf 81' lang='lat' dir='ltr'><strong>futurum</strong></span> <span class='ocrx_word' id='word_1_204' title='bbox 803 3555 843 3614; x_wconf 88' lang='lat' dir='ltr'><strong>sit,</strong></span> <span class='ocrx_word' id='word_1_205' title='bbox 857 3570 930 3617; x_wconf 88' lang='lat' dir='ltr'><strong>prae·</strong></span> <span class='ocrx_word' id='word_1_206' title='bbox 981 3557 1003 3604; x_wconf 94' lang='lat'><strong>1.</strong></span> <span class='ocrx_word' id='word_1_207' title='bbox 1019 3560 1031 3615; x_wconf 69' lang='grc' dir='ltr'><strong>ξ</strong></span> <span class='ocrx_word' id='word_1_208' title='bbox 1046 3557 1086 3604; x_wconf 80' lang='lat'><strong>32.</strong></span> 
     </span>
     <span class='ocr_line' id='line_1_27' title="bbox 286 3630 1501 3697; baseline -0.007 -15"><span class='ocrx_word' id='word_1_209' title='bbox 286 3645 288 3648; x_wconf 82' lang='lat'>·</span> <span class='ocrx_word' id='word_1_210' title='bbox 393 3634 492 3683; x_wconf 87' lang='lat' dir='ltr'><strong>dicitur.</strong></span> <span class='ocrx_word' id='word_1_211' title='bbox 1016 3636 1072 3682; x_wconf 79' lang='lat'><strong>145.</strong></span> <span class='ocrx_word' id='word_1_212' title='bbox 1095 3634 1208 3695; x_wconf 76' lang='lat' dir='ltr'><strong>quoniam</strong></span> <span class='ocrx_word' id='word_1_213' title='bbox 1231 3633 1392 3697; x_wconf 76' lang='lat' dir='ltr'><strong>iateiiipitar.</strong></span> <span class='ocrx_word' id='word_1_214' title='bbox 1429 3630 1501 3678; x_wconf 85' lang='lat' dir='ltr'><strong>Altera</strong></span> 
     </span>
     <span class='ocr_line' id='line_1_28' title="bbox 426 3709 1501 3774; baseline -0.003 -15"><span class='ocrx_word' id='word_1_215' title='bbox 426 3713 501 3759; x_wconf 83' lang='lat' dir='ltr'><strong>iatam</strong></span> <span class='ocrx_word' id='word_1_216' title='bbox 520 3712 666 3759; x_wconf 71' lang='lat' dir='ltr'><strong>metantem</strong></span> <span class='ocrx_word' id='word_1_217' title='bbox 687 3712 725 3773; x_wconf 81' lang='lat' dir='ltr'><strong>[et</strong></span> <span class='ocrx_word' id='word_1_218' title='bbox 741 3711 928 3774; x_wconf 80' lang='lat' dir='ltr'><strong>dormitantem]</strong></span> <span class='ocrx_word' id='word_1_219' title='bbox 980 3711 1311 3774; x_wconf 78' lang='lat' dir='ltr'><strong>lectio,qu.iatelliperetur,</strong></span> <span class='ocrx_word' id='word_1_220' title='bbox 1322 3709 1501 3766; x_wconf 73' lang='lat' dir='ltr'><strong>nonvideaqut</strong></span> 
     </span>
     <span class='ocr_line' id='line_1_29' title="bbox 394 3781 1501 3852; baseline -0.003 -15"><span class='ocrx_word' id='word_1_221' title='bbox 394 3790 541 3851; x_wconf 81' lang='lat' dir='ltr'><strong>sapientiam</strong></span> <span class='ocrx_word' id='word_1_222' title='bbox 558 3789 740 3852; x_wconf 80' lang='lat' dir='ltr'><strong>[Scaevolarum</strong></span> <span class='ocrx_word' id='word_1_223' title='bbox 753 3790 810 3851; x_wconf 90' lang='lat'><strong>-].</strong></span> <span class='ocrx_word' id='word_1_224' title='bbox 842 3790 932 3839; x_wconf 85' lang='lat' dir='ltr'><strong>Merito</strong></span> <span class='ocrx_word' id='word_1_225' title='bbox 980 3790 1076 3839; x_wconf 86' lang='lat' dir='ltr'><strong>ratione</strong></span> <span class='ocrx_word' id='word_1_226' title='bbox 1103 3788 1271 3837; x_wconf 87' lang='lat' dir='ltr'><strong>commendari</strong></span> <span class='ocrx_word' id='word_1_227' title='bbox 1294 3788 1380 3850; x_wconf 87' lang='lat' dir='ltr'><strong>possit.</strong></span> <span class='ocrx_word' id='word_1_228' title='bbox 1418 3785 1453 3835; x_wconf 84' lang='lat' dir='ltr'><strong>Ab</strong></span> <span class='ocrx_word' id='word_1_229' title='bbox 1469 3781 1501 3829; x_wconf 71' lang='lat' dir='ltr'><strong>his</strong></span> 
     </span>
     <span class='ocr_line' id='line_1_30' title="bbox 395 3860 1502 3929; baseline -0.004 -15"><span class='ocrx_word' id='word_1_230' title='bbox 395 3867 453 3925; x_wconf 86' lang='lat' dir='ltr'><strong>ista,</strong></span> <span class='ocrx_word' id='word_1_231' title='bbox 468 3870 494 3915; x_wconf 83' lang='lat' dir='ltr'><strong>et</strong></span> <span class='ocrx_word' id='word_1_232' title='bbox 506 3868 598 3926; x_wconf 81' lang='lat' dir='ltr'><strong>dorm,</strong></span> <span class='ocrx_word' id='word_1_233' title='bbox 612 3868 738 3916; x_wconf 80' lang='lat' dir='ltr'><strong>novissimi</strong></span> <span class='ocrx_word' id='word_1_234' title='bbox 751 3867 931 3917; x_wconf 87' lang='lat' dir='ltr'><strong>Editoresabii·</strong></span> <span class='ocrx_word' id='word_1_235' title='bbox 980 3868 1063 3918; x_wconf 85' lang='lat' dir='ltr'><strong>verbis</strong></span> <span class='ocrx_word' id='word_1_236' title='bbox 1075 3868 1163 3929; x_wconf 89' lang='lat' dir='ltr'><strong>incipit</strong></span> <span class='ocrx_word' id='word_1_237' title='bbox 1175 3867 1329 3929; x_wconf 82' lang='lat' dir='ltr'><strong>parenthesis</strong></span> <span class='ocrx_word' id='word_1_238' title='bbox 1343 3880 1419 3928; x_wconf 88' lang='lat' dir='ltr'><strong>usque</strong></span> <span class='ocrx_word' id='word_1_239' title='bbox 1429 3864 1456 3912; x_wconf 87' lang='lat' dir='ltr'><strong>ad</strong></span> <span class='ocrx_word' id='word_1_240' title='bbox 1465 3860 1502 3907; x_wconf 78' lang='lat' dir='ltr'><strong>red</strong></span> 
     </span>
     <span class='ocr_line' id='line_1_31' title="bbox 396 3941 1502 4009; baseline -0.005 -16"><span class='ocrx_word' id='word_1_241' title='bbox 396 3946 485 3993; x_wconf 90' lang='lat' dir='ltr'><strong>cienda</strong></span> <span class='ocrx_word' id='word_1_242' title='bbox 498 3952 661 3995; x_wconf 84' lang='lat' dir='ltr'><strong>censuerunt:</strong></span> <span class='ocrx_word' id='word_1_243' title='bbox 683 3946 767 4009; x_wconf 86' lang='lat' dir='ltr'><strong>inepta</strong></span> <span class='ocrx_word' id='word_1_244' title='bbox 781 3952 807 3995; x_wconf 86' lang='lat' dir='ltr'><strong>ct</strong></span> <span class='ocrx_word' id='word_1_245' title='bbox 818 3946 933 4009; x_wconf 90' lang='lat' dir='ltr'><strong>imperita</strong></span> <span class='ocrx_word' id='word_1_246' title='bbox 982 3950 1056 3997; x_wconf 83' lang='lat' dir='ltr'><strong>eiiam</strong></span> <span class='ocrx_word' id='word_1_247' title='bbox 1064 3947 1209 4007; x_wconf 81' lang='lat' dir='ltr'><strong>paucitate.-</strong></span> <span class='ocrx_word' id='word_1_248' title='bbox 1224 3950 1278 3994; x_wconf 90' lang='lat' dir='ltr'><strong>tum</strong></span> <span class='ocrx_word' id='word_1_249' title='bbox 1285 3941 1502 3994; x_wconf 84' lang='lat' dir='ltr'><strong>demumsubiicitur</strong></span> 
     </span>
     <span class='ocr_line' id='line_1_32' title="bbox 395 4022 1501 4087; baseline -0.005 -16"><span class='ocrx_word' id='word_1_250' title='bbox 395 4024 566 4086; x_wconf 82' lang='lat' dir='ltr'><strong>interpretatio</strong></span> <span class='ocrx_word' id='word_1_251' title='bbox 586 4030 624 4074; x_wconf 88' lang='lat' dir='ltr'><strong>est</strong></span> <span class='ocrx_word' id='word_1_252' title='bbox 641 4026 812 4087; x_wconf 86' lang='lat' dir='ltr'><strong>praecedentis</strong></span> <span class='ocrx_word' id='word_1_253' title='bbox 826 4027 933 4075; x_wconf 64' lang='lat' dir='ltr'><strong>oraton·</strong></span> <span class='ocrx_word' id='word_1_254' title='bbox 981 4026 1103 4075; x_wconf 89' lang='lat' dir='ltr'><strong>absolutio</strong></span> <span class='ocrx_word' id='word_1_255' title='bbox 1116 4024 1178 4083; x_wconf 84' lang='lat' dir='ltr'><strong>eius,</strong></span> <span class='ocrx_word' id='word_1_256' title='bbox 1192 4025 1259 4085; x_wconf 89' lang='lat' dir='ltr'><strong>quod</strong></span> <span class='ocrx_word' id='word_1_257' title='bbox 1270 4024 1354 4073; x_wconf 87' lang='lat' dir='ltr'><strong>dicere</strong></span> <span class='ocrx_word' id='word_1_258' title='bbox 1365 4022 1501 4074; x_wconf 74' lang='lat' dir='ltr'><strong>instituerat,</strong></span> 
     </span>
     <span class='ocr_line' id='line_1_33' title="bbox 397 4102 1456 4167; baseline -0.005 -17"><span class='ocrx_word' id='word_1_259' title='bbox 397 4105 454 4150; x_wconf 81' lang='lat' dir='ltr'><strong>tem.</strong></span> <span class='ocrx_word' id='word_1_260' title='bbox 489 4103 539 4151; x_wconf 90' lang='lat' dir='ltr'><strong>Sed</strong></span> <span class='ocrx_word' id='word_1_261' title='bbox 558 4117 648 4151; x_wconf 86' lang='lat' dir='ltr'><strong>maneo</strong></span> <span class='ocrx_word' id='word_1_262' title='bbox 667 4103 844 4161; x_wconf 78' lang='lat' dir='ltr'><strong>incantantia,</strong></span> <span class='ocrx_word' id='word_1_263' title='bbox 860 4102 930 4152; x_wconf 82' lang='lat' dir='ltr'><strong>Scae·</strong></span> <span class='ocrx_word' id='word_1_264' title='bbox 982 4103 1157 4167; x_wconf 79' lang='lat' dir='ltr'><strong>iireatflm&#39;s,</strong></span> <span class='ocrx_word' id='word_1_265' title='bbox 1173 4105 1203 4150; x_wconf 78' lang='lat' dir='ltr'><strong>at</strong></span> <span class='ocrx_word' id='word_1_266' title='bbox 1216 4117 1270 4150; x_wconf 85' lang='lat' dir='ltr'><strong>eam</strong></span> <span class='ocrx_word' id='word_1_267' title='bbox 1282 4103 1411 4151; x_wconf 79' lang='lat' dir='ltr'><strong>materiem</strong></span> <span class='ocrx_word' id='word_1_268' title='bbox 1420 4126 1456 4145; x_wconf 86' lang='lat'><strong>-.</strong></span> 
     </span>
     <span class='ocr_line' id='line_1_34' title="bbox 396 4175 1502 4244; baseline -0.005 -14"><span class='ocrx_word' id='word_1_269' title='bbox 396 4184 505 4231; x_wconf 74' lang='lat' dir='ltr'><strong>volarem</strong></span> <span class='ocrx_word' id='word_1_270' title='bbox 518 4182 544 4227; x_wconf 82' lang='lat' dir='ltr'><strong>et</strong></span> <span class='ocrx_word' id='word_1_271' title='bbox 557 4182 695 4229; x_wconf 79' lang='lat' dir='ltr'><strong>ceterorum</strong></span> <span class='ocrx_word' id='word_1_272' title='bbox 707 4181 932 4244; x_wconf 87' lang='lat' dir='ltr'><strong>ridiculeinterpo-</strong></span> <span class='ocrx_word' id='word_1_273' title='bbox 1016 4184 1043 4230; x_wconf 79' lang='lat' dir='ltr'><strong>m</strong></span> <span class='ocrx_word' id='word_1_274' title='bbox 1066 4195 1183 4243; x_wconf 75' lang='lat' dir='ltr'><strong>pererrem</strong></span> <span class='ocrx_word' id='word_1_275' title='bbox 1210 4183 1292 4230; x_wconf 79' lang='lat' dir='ltr'><strong>courir</strong></span> <span class='ocrx_word' id='word_1_276' title='bbox 1317 4182 1392 4243; x_wconf 77' lang='lat' dir='ltr'><strong>atque</strong></span> <span class='ocrx_word' id='word_1_277' title='bbox 1411 4175 1502 4225; x_wconf 68' lang='lat' dir='ltr'><strong>immrit-</strong></span> 
     </span>
     <span class='ocr_line' id='line_1_35' title="bbox 326 4259 1502 4322; baseline -0.001 -16"><span class='ocrx_word' id='word_1_278' title='bbox 326 4259 330 4265; x_wconf 82' lang='grc'><strong>’</strong></span> <span class='ocrx_word' id='word_1_279' title='bbox 396 4260 446 4308; x_wconf 87' lang='lat' dir='ltr'><strong>lata</strong></span> <span class='ocrx_word' id='word_1_280' title='bbox 454 4274 515 4318; x_wconf 87' lang='lat' dir='ltr'><strong>esse,</strong></span> <span class='ocrx_word' id='word_1_281' title='bbox 530 4260 631 4322; x_wconf 87' lang='lat' dir='ltr'><strong>quippe,</strong></span> <span class='ocrx_word' id='word_1_282' title='bbox 644 4260 731 4309; x_wconf 87' lang='lat' dir='ltr'><strong>Crasso</strong></span> <span class='ocrx_word' id='word_1_283' title='bbox 737 4264 877 4321; x_wconf 84' lang='lat' dir='ltr'><strong>praesente,</strong></span> <span class='ocrx_word' id='word_1_284' title='bbox 892 4260 933 4321; x_wconf 90' lang='lat' dir='ltr'><strong>qui</strong></span> <span class='ocrx_word' id='word_1_285' title='bbox 983 4262 1070 4310; x_wconf 88' lang='lat' dir='ltr'><strong>Nullas</strong></span> <span class='ocrx_word' id='word_1_286' title='bbox 1090 4260 1149 4309; x_wconf 84' lang='lat' dir='ltr'><strong>novi</strong></span> <span class='ocrx_word' id='word_1_287' title='bbox 1169 4272 1249 4320; x_wconf 88' lang='lat' dir='ltr'><strong>neque</strong></span> <span class='ocrx_word' id='word_1_288' title='bbox 1267 4274 1368 4317; x_wconf 79' lang='lat' dir='ltr'><strong>canera,</strong></span> <span class='ocrx_word' id='word_1_289' title='bbox 1382 4271 1455 4318; x_wconf 88' lang='lat' dir='ltr'><strong>neque</strong></span> <span class='ocrx_word' id='word_1_290' title='bbox 1466 4266 1502 4299; x_wconf 74' lang='lat' dir='ltr'><strong>M·</strong></span> 
     </span>
     <span class='ocr_line' id='line_1_36' title="bbox 396 4334 1503 4402; baseline -0.005 -16"><span class='ocrx_word' id='word_1_291' title='bbox 396 4338 530 4387; x_wconf 84' lang='lat' dir='ltr'><strong>Scaevolae</strong></span> <span class='ocrx_word' id='word_1_292' title='bbox 543 4351 621 4401; x_wconf 84' lang='lat' dir='ltr'><strong>gener</strong></span> <span class='ocrx_word' id='word_1_293' title='bbox 634 4343 694 4395; x_wconf 88' lang='lat' dir='ltr'><strong>erat,</strong></span> <span class='ocrx_word' id='word_1_294' title='bbox 709 4352 759 4385; x_wconf 89' lang='lat' dir='ltr'><strong>non</strong></span> <span class='ocrx_word' id='word_1_295' title='bbox 772 4337 890 4385; x_wconf 85' lang='lat' dir='ltr'><strong>credibile</strong></span> <span class='ocrx_word' id='word_1_296' title='bbox 897 4342 934 4387; x_wconf 85' lang='lat' dir='ltr'><strong>est</strong></span> <span class='ocrx_word' id='word_1_297' title='bbox 984 4341 1054 4387; x_wconf 81' lang='lat' dir='ltr'><strong>turae</strong></span> <span class='ocrx_word' id='word_1_298' title='bbox 1065 4352 1190 4402; x_wconf 71' lang='lat' dir='ltr'><strong>perieram.</strong></span> <span class='ocrx_word' id='word_1_299' title='bbox 1222 4338 1352 4399; x_wconf 87' lang='lat' dir='ltr'><strong>Suspicor,</strong></span> <span class='ocrx_word' id='word_1_300' title='bbox 1367 4334 1457 4385; x_wconf 77' lang='lat' dir='ltr'><strong>mutatu</strong></span> <span class='ocrx_word' id='word_1_301' title='bbox 1468 4344 1503 4377; x_wconf 77' lang='lat' dir='ltr'><strong>oa·</strong></span> 
     </span>
     <span class='ocr_line' id='line_1_37' title="bbox 396 4410 1505 4479; baseline -0.004 -15"><span class='ocrx_word' id='word_1_302' title='bbox 396 4417 532 4464; x_wconf 85' lang='lat' dir='ltr'><strong>Antonium</strong></span> <span class='ocrx_word' id='word_1_303' title='bbox 546 4416 671 4464; x_wconf 84' lang='lat' dir='ltr'><strong>Scaevolis</strong></span> <span class='ocrx_word' id='word_1_304' title='bbox 684 4416 932 4476; x_wconf 73' lang='lat' dir='ltr'><strong>oscitantemsapim-</strong></span> <span class='ocrx_word' id='word_1_305' title='bbox 983 4416 1065 4476; x_wconf 89' lang='lat' dir='ltr'><strong>sibus,</strong></span> <span class='ocrx_word' id='word_1_306' title='bbox 1093 4416 1227 4479; x_wconf 81' lang='lat' dir='ltr'><strong>legendum</strong></span> <span class='ocrx_word' id='word_1_307' title='bbox 1254 4430 1323 4473; x_wconf 88' lang='lat' dir='ltr'><strong>esse,</strong></span> <span class='ocrx_word' id='word_1_308' title='bbox 1348 4418 1375 4463; x_wconf 81' lang='lat' dir='ltr'><strong>in</strong></span> <span class='ocrx_word' id='word_1_309' title='bbox 1392 4410 1505 4478; x_wconf 66' lang='lat' dir='ltr'><strong>perscribit</strong></span> 
     </span>
     <span class='ocr_line' id='line_1_38' title="bbox 397 4491 1503 4556; baseline -0.007 -15"><span class='ocrx_word' id='word_1_310' title='bbox 397 4495 458 4541; x_wconf 82' lang='lat' dir='ltr'><strong>tiam</strong></span> <span class='ocrx_word' id='word_1_311' title='bbox 465 4492 614 4556; x_wconf 84' lang='lat' dir='ltr'><strong>exprobrare</strong></span> <span class='ocrx_word' id='word_1_312' title='bbox 621 4493 738 4551; x_wconf 87' lang='lat' dir='ltr'><strong>voluisse;</strong></span> <span class='ocrx_word' id='word_1_313' title='bbox 749 4494 933 4543; x_wconf 87' lang='lat' dir='ltr'><strong>tuminficetum</strong></span> <span class='ocrx_word' id='word_1_314' title='bbox 984 4508 1114 4543; x_wconf 76' lang='lat' dir='ltr'><strong>caurorum</strong></span> <span class='ocrx_word' id='word_1_315' title='bbox 1126 4496 1201 4555; x_wconf 75' lang='lat' dir='ltr'><strong>atque</strong></span> <span class='ocrx_word' id='word_1_316' title='bbox 1215 4495 1321 4541; x_wconf 79' lang='lat' dir='ltr'><strong>nataris.</strong></span> <span class='ocrx_word' id='word_1_317' title='bbox 1357 4495 1395 4541; x_wconf 92' lang='lat' dir='ltr'><strong>De</strong></span> <span class='ocrx_word' id='word_1_318' title='bbox 1408 4491 1454 4540; x_wconf 82' lang='lat' dir='ltr'><strong>istis</strong></span> <span class='ocrx_word' id='word_1_319' title='bbox 1465 4500 1503 4534; x_wconf 89' lang='lat' dir='ltr'><strong>no·</strong></span> 
     </span>
     <span class='ocr_line' id='line_1_39' title="bbox 396 4572 1333 4630; baseline -0.002 -10"><span class='ocrx_word' id='word_1_320' title='bbox 396 4578 433 4620; x_wconf 88' lang='lat' dir='ltr'><strong>est</strong></span> <span class='ocrx_word' id='word_1_321' title='bbox 456 4572 567 4621; x_wconf 84' lang='lat' dir='ltr'><strong>additum</strong></span> <span class='ocrx_word' id='word_1_322' title='bbox 587 4572 650 4619; x_wconf 92' lang='lat' dir='ltr'><strong>illud</strong></span> <span class='ocrx_word' id='word_1_323' title='bbox 670 4575 695 4620; x_wconf 83' lang='lat' dir='ltr'><strong>et</strong></span> <span class='ocrx_word' id='word_1_324' title='bbox 715 4573 861 4621; x_wconf 81' lang='lat' dir='ltr'><strong>ceterorum.</strong></span> <span class='ocrx_word' id='word_1_325' title='bbox 903 4575 933 4622; x_wconf 90' lang='lat' dir='ltr'><strong>In</strong></span> <span class='ocrx_word' id='word_1_326' title='bbox 984 4572 1090 4620; x_wconf 85' lang='lat' dir='ltr'><strong>minibus</strong></span> <span class='ocrx_word' id='word_1_327' title='bbox 1104 4572 1187 4620; x_wconf 82' lang='lat' dir='ltr'><strong>notavi</strong></span> <span class='ocrx_word' id='word_1_328' title='bbox 1201 4572 1260 4630; x_wconf 66' lang='lat' dir='ltr'><strong>adi</strong></span> <span class='ocrx_word' id='word_1_329' title='bbox 1277 4573 1333 4620; x_wconf 73' lang='lat' dir='ltr'><strong>loo.</strong></span> 
     </span>
    </p>
   </div>
   <div class='ocr_carea' id='block_1_4' title="bbox 0 0 1634 5492">
    <p class='ocr_par' dir='ltr' id='par_1_6' title="bbox 0 0 1634 5492">
     <span class='ocr_line' id='line_1_40' title="bbox 0 0 1634 5492; baseline 0 0"><span class='ocrx_word' id='word_1_330' title='bbox 0 0 1634 5492; x_wconf 95' lang='lat' dir='ltr'><strong> </strong></span> 
     </span>
    </p>
   </div>
  </div>
 </body>
</html>
