3242 5500
438 587 550 638 mnnn
577 587 749 637 nunnius.
778 571 795 650 1
824 568 905 637 191.
1168 570 1238 639 357

110 763 136 833 si
167 761 274 856 primi
306 769 342 832 et
372 761 540 856 postremi
569 756 655 856 [illi]
683 760 790 854 pedes
814 768 896 831 sunt
920 759 984 831 hac
1008 761 1143 831 ratione
1167 785 1237 831 ser·

109 871 193 955 vati,
241 870 348 941 medii
385 878 532 966 possunt
573 871 696 956 latere,
734 871 839 942 modo
876 894 920 940 ne
955 870 1121 940 circuitus
1163 870 1239 966 ipse

110 974 291 1050 verborum
333 979 379 1051 sit
421 988 482 1051 aut
527 978 683 1065 brevior,
730 1004 836 1075 quam
873 1004 974 1050 aures
1011 987 1237 1076 exspectent,

110 1097 165 1160 aut
200 1088 359 1182 longior,
394 1113 501 1183 quarn
531 1089 619 1160 vires
642 1098 749 1184 atque
772 1088 890 1160 anima
915 1090 1076 1185 patiatur.
1132 1089 1236 1161 Clau·
1265 1096 1311 1164 50

112 1199 201 1270 sulas
238 1206 356 1269 autern
387 1197 592 1293 diligentius
625 1199 731 1270 etiarn
761 1198 946 1270 servandas
970 1223 1045 1270 esse
1069 1197 1236 1284 arbitror,
1266 1222 1313 1266 na

112 1332 215 1403 quarn
252 1307 446 1403 superiora3
487 1307 579 1402 quod
614 1308 651 1378 in
688 1307 732 1379 iis
767 1307 918 1378 maxime
943 1307 1109 1402 perfectio
1133 1316 1239 1404 atque

112 1417 283 1489 absolutio
319 1415 505 1488 iudicatur.
559 1417 651 1487 Nam
679 1441 799 1487 versus
825 1440 935 1511 aeque
958 1417 1071 1510 prima
1103 1426 1137 1488 et
1163 1441 1234 1488 me·

112 1528 166 1599 dia
212 1534 245 1596 et
289 1533 445 1596 extrema
478 1550 558 1622 pars
595 1526 810 1610 attenditur,
845 1525 907 1620 qui
941 1526 1163 1612 debilitatur,
1199 1527 1236 1599 in

112 1659 331 1732 quacumque
348 1643 401 1706 est
418 1644 517 1728 porte
534 1635 742 1707 titubatum:
768 1635 803 1707 in
823 1636 980 1706 oratione
998 1643 1117 1706 autern
1134 1636 1237 1731 pauci

112 1746 225 1840 prima
270 1754 439 1830 cernunt,
487 1753 661 1839 postrema
703 1745 876 1840 plerique3
917 1769 1027 1840 quae,
1071 1746 1237 1840 quoniam
1340 1785 1345 1793 ·

113 1863 278 1950 apparent
312 1863 347 1926 et
385 1854 653 1949 intelliguntur,
687 1855 853 1926 varianda
877 1862 981 1939 aunt,
1009 1879 1053 1925 ne
1078 1863 1139 1926 aut
1163 1854 1237 1925 ani-

113 1989 247 2035 morum
269 1963 409 2035 iudiciis
433 1964 681 2058 repudientur,
708 1972 767 2035 aut
784 1965 921 2035 aurium
941 1964 1111 2036 satietate.
1156 1964 1238 2034 Duo
1265 1988 1311 2033 roa

113 2076 224 2159 enirn,
263 2082 322 2145 aut
357 2081 427 2144 tres
463 2075 535 2144 fere
571 2081 654 2144 sunt
677 2075 824 2146 extremi
848 2073 1007 2144 servandi
1033 2082 1068 2145 et
1091 2073 1238 2144 notandi

114 2184 218 2278 pedes
258 2184 303 2269 (si
341 2182 446 2253 modo
477 2206 547 2253 non
587 2182 745 2254 breviora
769 2190 804 2253 ct
829 2182 985 2276 praecisa
1007 2191 1109 2253 erunt
1135 2207 1236 2277 supe·

113 2293 236 2380 riom),
264 2317 353 2389 quos
376 2300 435 2362 aut
460 2291 624 2377 choreos,
650 2291 876 2375 euthemon,
903 2299 963 2362 aut
987 2291 1139 2362 alternos
1163 2316 1238 2363 esse

114 2402 310 2498 oportebit,
348 2410 409 2473 aut
444 2401 481 2472 in
515 2425 648 2496 paeone
683 2402 744 2473 illo
779 2401 987 2496 posteriore,
1026 2425 1131 2494 quem
1156 2401 1236 2473 Ari·

115 2512 250 2584 stoteles
288 2510 433 2606 probat,
471 2519 532 2581 aut
570 2509 600 2580 ei
635 2511 710 2605 pari
748 2510 886 2581 cretico.
939 2508 1078 2580 Horum
1106 2510 1235 2582 vicissi-

115 2622 255 2692 tudines
289 2621 440 2692 efficient
478 2628 516 2691 ut
552 2644 667 2714 neque
701 2610 946 2704 ii⁸satientur‚
981 2620 1042 2714 qui
1072 2620 1235 2705 audient,

115 2731 252 2804 fastidio
277 2729 537 2815 similitudinis,
563 2755 628 2802 nec
650 2754 714 2802 nos
733 2729 787 2814 id,
815 2729 909 2825 quod
927 2728 1110 2814 faciamus,
1132 2754 1236 2825 opera

114 2842 230 2914 dedita
263 2843 374 2912 facere
403 2839 594 2911 videamur.
648 2839 755 2915 Quod
786 2839 815 2910 si
838 2838 1027 2935 Antipater
1052 2839 1111 2909 ille
1135 2839 1234 2910 Sido·
1263 2866 1309 2911 111

114 2952 211 3036 nius,
249 2974 356 3046 quern
389 2957 431 3021 tu
464 2949 592 3045 probe,
620 2949 766 3033 Catule,
793 2948 1006 3032 meministi,
1034 2947 1158 3020 solitus
1184 2956 1237 3019 est
1409 2947 1411 2952 ’

112 3085 228 3132 versus
252 3059 471 3148 hexametros
496 3059 653 3153 aliosque
677 3058 782 3129 variis
805 3057 920 3128 modis
949 3066 1055 3151 atque
1081 3057 1237 3128 numeris

113 3171 257 3242 fundere
294 3194 337 3241 ex
373 3178 550 3264 tempore,
586 3175 795 3263 tantumque
823 3166 975 3238 hominis
1000 3167 1175 3261 ingeniosi
1198 3191 1238 3237 ac

113 3284 274 3352 memoris
308 3279 418 3351 valuit
437 3278 656 3363 exercitatio,
683 3286 743 3361 ut,
776 3301 887 3371 quum
917 3300 953 3347 se
976 3284 1094 3347 mente
1117 3299 1156 3347 ac
1179 3300 1235 3347 vo·

114 3389 245 3461 luntate
261 3389 467 3461 coniecisset
483 3388 520 3458 in
539 3412 677 3458 versum
686 3446 700 3471 ,.
720 3385 825 3457 verba
843 3393 1085 3480 sequerentur;
1105 3393 1237 3480 quanto

113 3499 152 3570 id
183 3498 319 3571 facilius
354 3498 391 3568 in
423 3498 599 3581 oratione,
639 3495 886 3568 exercitatione
924 3503 957 3566 et
982 3493 1236 3566 consuetudine

114 3608 289 3692 adhibita,
326 3608 599 3701 consequemur!
1221 3594 1225 3603 ’

161 3719 255 3790 1111111
289 3725 407 3789 autern
433 3717 579 3812 nequis
603 3715 812 3799 admiretur,
839 3738 992 3809 quonam
1016 3713 1120 3784 modo
1150 3713 1235 3785 haec
1263 3746 1308 3790 111

114 3921 187 3968 Recte
213 3921 276 3968 haec
302 3918 403 3966 inclusit
423 3918 562 3979 Kayserus,
584 3932 647 3978 quae
697 3931 755 3963 nem
772 3916 935 3964 omittendam
954 3915 1084 3963 censuerit.
1110 3916 1141 3963 Et
1153 3920 1237 3964 tamen

115 3998 174 4045 nihil
186 3999 311 4061 pertinent
325 3998 356 4044 ad
370 4012 435 4054 rem,
449 4011 530 4057 neque
542 3997 596 4058 ipsa
603 4011 647 4057 per
698 4011 748 4043 non
769 3994 872 4043 ferenda
889 3992 949 4040 milri
963 3992 1062 4040 videtur
1075 3993 1122 4041 1111
1136 4000 1237 4042 senten·

113 4091 140 4123 se
154 4078 248 4125 defendi
267 4081 379 4138 possunt.
698 4075 746 4122 tiae
761 4073 911 4128 enuntiatio,
927 4072 952 4118 in
967 4086 1015 4132 qua
1029 4072 1158 4133 suspiceris
1170 4072 1237 4120 aliud

150 4156 201 4204 193.
219 4158 264 4203 aut
278 4156 301 4202 et
310 4156 371 4215 pari
385 4154 484 4201 cretico.
519 4155 576 4202 Non
587 4158 647 4215 puto
698 4153 758 4214 quid
772 4167 839 4209 esse,
856 4150 894 4199 cui
902 4150 1050 4197 enerciaco
1057 4151 1082 4195 et
1089 4151 1238 4198 cannetum

115 4233 320 4295 praepositionem
341 4232 426 4281 abesse
447 4247 533 4294 posse,
553 4233 597 4280 sed
611 4234 647 4279 le·
700 4236 867 4293 opponantur.
903 4230 1008 4284 Contra,
1025 4228 1157 4289 requiritur
1171 4229 1238 4289 quod

114 4312 218 4372 gendum
236 4313 280 4359 aut
293 4312 390 4372 inpari
403 4325 438 4358 cr.
698 4312 839 4371 opponatur
860 4307 993 4368 Antipatro
1014 4312 1038 4354 et
1060 4307 1147 4367 poetis.
1183 4310 1238 4356 Hoc

149 4390 210 4450 qaod
220 4390 359 4449 sociamur.
394 4390 433 4437 Sic
447 4389 506 4436 1111111
521 4389 647 4451 corrigen·
698 4386 858 4444 habebimus,
874 4387 894 4433 si
908 4388 1034 4448 legemus,
1051 4386 1235 4447 111111111ᾱῄ-

113 4468 172 4514 dum
186 4468 313 4517 ridebatur
327 4470 396 4531 vulg.
404 4467 540 4527 faciemus.
698 4466 770 4513 cilina
783 4481 839 4521 noc,
854 4457 1033 4511 enercitatione
1045 4492 1086 4511 -.

150 4548 203 4594 lsst.
220 4550 246 4595 in
266 4548 386 4594 oratione.
421 4547 483 4594 Satis
501 4545 582 4593 mirari
598 4560 647 4593 non
734 4546 789 4592 loa.
808 4543 1068 4604 nequicadmirclur.
1105 4543 1237 4607 Corrigen-

112 4638 210 4683 possunr
232 4627 400 4683 Ellendtium,
424 4625 464 4686 qui
483 4625 647 4685 Praepositio-
700 4624 768 4678 1111111,
783 4622 904 4676 miretur,
920 4620 974 4667 scil.
989 4626 1115 4681 tamquam
1130 4621 1236 4667 incredi-
