3242 5500
379 572 424 640 50
715 589 1005 640 innueramus.
1034 571 1052 651 §
1079 568 1159 638 116.

308 785 352 830 rra
378 763 468 848 nati,
495 762 558 834 sed
581 762 625 835 ab
651 762 769 857 aliquo
793 760 859 833 deo
884 761 957 832 ficti
980 784 1055 832 esse
1078 758 1272 830 videantur.
1324 757 1500 851 Magnum
1601 778 1602 781 ’

379 871 557 968 quoddam
587 881 640 944 est
669 895 758 943 onus
788 878 894 965 atque
918 892 1065 954 munus,
1091 867 1265 962 suscipere
1289 875 1396 961 atque
1419 890 1499 961 pro·
1601 878 1602 885 ’

378 980 471 1054 fiteri
498 1005 534 1052 se
564 1005 655 1066 esse,
687 978 852 1052 omnibus
882 976 1083 1062 silentibus,
1113 1000 1225 1048 unum
1261 974 1423 1046 maximis
1455 974 1501 1044 de

377 1087 483 1161 rebus
515 1112 644 1184 magno
673 1089 710 1160 in
735 1094 910 1160 conventu
931 1085 1114 1158 hominum
1138 1083 1370 1156 audiendum:
1402 1083 1501 1155 adest

380 1197 474 1270 enim
499 1197 570 1270 iere
594 1222 717 1284 neme,
744 1196 830 1292 quin
856 1195 992 1269 acutius
1014 1203 1121 1290 atque
1144 1193 1257 1266 acrius
1281 1193 1367 1265 vitia
1390 1193 1427 1263 in
1446 1193 1499 1263 di·

379 1315 500 1393 cente,
538 1330 645 1402 quam
681 1315 774 1379 recta
812 1305 943 1378 videat:
983 1305 1052 1390 ita,
1083 1302 1253 1399 quicquid
1277 1310 1330 1375 est
1366 1301 1404 1373 in
1430 1326 1501 1396 quo

379 1416 587 1503 offenditur,
619 1415 657 1488 id
684 1417 789 1488 etiam
820 1415 897 1500 illa,
929 1438 1018 1508 quae
1043 1412 1218 1484 laudanda
1242 1419 1344 1497 sunt,
1370 1410 1498 1485 obruit.

308 1549 354 1601 ur
379 1525 505 1620 Neque
542 1523 626 1596 haec
663 1525 701 1596 in
739 1547 816 1595 earu
850 1523 1059 1594 sententiam
1089 1521 1251 1616 disput0,
1276 1529 1317 1592 ut
1341 1519 1501 1592 homines

380 1633 635 1718 adolescentes,
670 1632 810 1728 siquid
836 1632 993 1705 naturale
1018 1631 1107 1702 forte
1131 1654 1203 1701 non
1228 1628 1397 1715 habeant,
1427 1655 1500 1702 om·
1601 1682 1602 1723 4

379 1741 465 1813 nino
490 1765 511 1812 a
535 1741 675 1814 dicendi
702 1741 819 1820 studio
846 1741 1048 1812 deterream.
1077 1738 1169 1814 Quis
1190 1739 1284 1811 enim
1309 1763 1379 1809 non
1406 1739 1502 1810 videt
1601 1730 1602 1765 ³

381 1850 422 1922 O.
438 1849 569 1936 Cacli0,
587 1850 725 1945 aequali
738 1873 828 1935 meo,
842 1872 971 1944 magno
982 1847 1106 1919 honori
1118 1847 1237 1933 fuisse,
1251 1845 1387 1919 homini
1399 1871 1501 1933 novo,
1601 1840 1602 1889 ³

379 1959 476 2032 illam
502 1959 630 2055 ipsam,
661 1982 920 2054 quamcumque
944 1957 1272 2052 assequipotuerit‚
1295 1956 1503 2029 indicendo

381 2067 682 2140 mediocritatem?
733 2067 824 2143 Quis
860 2075 1014 2138 vestrum
1039 2065 1237 2161 aequalem,
1261 2067 1306 2141 Q.
1334 2063 1499 2151 Varium,
1601 2080 1602 2107 ³

381 2184 525 2249 vastum.
543 2175 722 2248 hominem
746 2184 853 2271 atque
877 2175 1039 2260 foedum,
1063 2197 1134 2245 non
1160 2173 1329 2269 intelligit
1353 2174 1414 2245 illa
1427 2175 1501 2272 ipsa
1601 2246 1602 2253 ,

380 2285 562 2372 facultate,
590 2308 847 2380 quamcumque
872 2283 994 2369 habet,
1020 2306 1184 2378 magnam
1209 2307 1283 2355 esse
1305 2283 1500 2356 incivitate
1601 2294 1602 2301 ’

380 2395 529 2492 gratiam
553 2395 805 2467 consecutum?

309 2508 353 2578 26
429 2503 518 2588 Sed,
545 2504 628 2598 quia
652 2502 696 2574 de
720 2509 855 2573 oratore
879 2501 1095 2597 quaerimus,
1118 2499 1306 2596 fingendus
1327 2509 1381 2573 est
1397 2502 1502 2574 nobis

314 2613 536 2685 irroratione
565 2618 681 2683 nostra
714 2610 878 2683 detractis
910 2609 1075 2682 omnibus
1099 2611 1193 2682 vitiis
1222 2605 1368 2705 [orator]
1395 2620 1504 2706 atque

380 2721 478 2794 omni
495 2721 598 2793 laude
619 2720 828 2793 cumulatus,
851 2719 977 2815 Neque
990 2719 1101 2805 enim,
1121 2719 1150 2793 si
1163 2718 1353 2793 multitudo
1366 2719 1504 2808 litium,

382 2832 411 2904 si
436 2830 584 2902 varietas
609 2854 807 2915 causarum,
835 2828 865 2899 si
890 2828 974 2900 haec
996 2828 1100 2901 turba
1124 2836 1159 2900 et
1183 2827 1505 2903 barbariaforensis

381 2940 441 3011 dat
467 2940 583 3012 locum
607 2939 663 3011 vel
687 2937 921 3010 vitiosissimis
945 2936 1156 3022 oratoribus,
1182 2937 1310 3010 idcirco
1334 2962 1399 3011 nos
1420 2938 1505 3025 hoo,

382 3048 478 3144 quod
503 3048 719 3143 quaerimus,
745 3047 959 3118 omittemus.
1012 3045 1137 3141 Itaque
1162 3046 1199 3117 in
1224 3046 1268 3118 iis
1288 3046 1440 3135 artibuS,
1465 3049 1505 3120 in

382 3154 512 3252 quibus
544 3179 615 3227 non
641 3155 775 3229 utilitas
800 3156 980 3251 quaeritur
1004 3156 1213 3239 necessaria,
1240 3155 1302 3227 sed
1315 3157 1438 3229 animi
1462 3158 1506 3229 li·

381 3397 519 3446 acuendum
555 3400 597 3443 aut
630 3394 804 3458 corrigendum
840 3396 917 3444 relin-
1002 3397 1058 3446 117.
1075 3397 1097 3443 ei
1115 3396 1176 3459 qaid
1187 3397 1303 3443 naturale
1312 3396 1387 3455 forte
1400 3399 1508 3445 ababa·
1540 3368 1553 3438 Ι
1600 3331 1601 3412 l

381 3479 474 3536 quant,
496 3488 544 3535 quo
571 3473 673 3521 meliora
700 3477 725 3521 et
751 3474 919 3522 emendatiora
967 3477 1048 3523 beant.
1083 3474 1123 3532 si,
1141 3474 1208 3534 quod
1226 3473 1287 3522 mihi
1300 3474 1413 3533 videtur,
1431 3480 1507 3524 natu-

380 3553 441 3602 sint:
466 3552 533 3601 conf.
554 3553 623 3601 locus
642 3551 668 3599 in
689 3552 862 3610 Mureniana§
878 3552 918 3600 60.
968 3555 1021 3601 ναῖε
1031 3551 1507 3602 Adiectnondieisoletsinesubstan·
1600 3561 1601 3566 ’

381 3634 465 3694 Ipsum
484 3631 548 3678 illud
572 3633 666 3687 tamea,
691 3635 716 3677 et
735 3628 919 3691 aliquomodo,
967 3630 1033 3688 tivo,
1046 3628 1181 3691 praestabit
1194 3630 1235 3678 hio
1248 3630 1507 3693 aenigmaticarum,
1600 3627 1601 3666 l

379 3710 489 3758 vindicat
501 3723 581 3756 meam
594 3708 831 3769 interpretationem.
969 3715 997 3756 ut
1008 3709 1117 3769 loquitur
1129 3707 1209 3765 infra,
1225 3712 1238 3766 ξ
1254 3710 1310 3757 126.

413 3787 510 3835 etiamsi
529 3787 633 3849 iacentis
650 3812 683 3821 -
696 3789 801 3834 cabant.
837 3786 919 3834 Corri-
1002 3800 1177 3849 quamcumque
1194 3787 1274 3835 babet.
1309 3787 1508 3850 Corrigendum,

380 3864 504 3927 gendum,
520 3864 623 3927 ingressio,
642 3864 757 3925 quoniam
771 3865 920 3912 noncollec·
968 3865 1064 3913 babeat.

379 3943 431 3991 tive
452 3942 594 4001 universos,
619 3944 663 3992 sed
687 3942 796 4006 singulos
817 3947 920 4005 spectat.
1005 3944 1060 3991 118.
1079 3944 1138 4006 qaia
1150 3943 1181 3991 de
1192 3944 1448 4005 crotcreqaaerimar.
1467 3945 1508 3992 n·-

380 4020 420 4069 Sic
435 4025 447 4078 ξ
463 4021 524 4078 131,
539 4022 565 4069 ia
572 4024 678 4083 atroque
684 4024 791 4070 cestram
797 4022 922 4085 inqeniam
970 4021 1057 4069 denter
1070 4021 1181 4090 corrigo,
1195 4036 1279 4084 wem.
1415 4033 1417 4036 ·

375 4099 507 4159 perspexi.
542 4099 631 4148 Notavi
645 4100 719 4148 modo
732 4100 790 4157 ad§
808 4100 864 4147 106.
1003 4100 1125 4148 detractis
1150 4100 1260 4147 omuibus
1289 4100 1357 4148 attia
1386 4101 1507 4162 [orata]

419 4177 490 4238 [eant
509 4179 603 4241 actem]
627 4179 735 4239 quidam.
775 4178 866 4227 Merito
879 4177 923 4225 illa
970 4178 1047 4227 Recte
1065 4178 1187 4239 Kayserus
1200 4181 1353 4239 postremum
1366 4176 1455 4226 vocab.
1467 4178 1508 4225 in-

381 4254 490 4315 Kaysero
506 4254 622 4305 videntur
635 4256 791 4317 interpolata.
970 4255 1052 4303 clusit.

416 4334 472 4381 116.
491 4335 552 4383 attia
565 4336 592 4382 in
606 4336 838 4382 dicente—videat.
867 4336 922 4382 Hoc
1006 4334 1062 4381 119.
1080 4335 1110 4381 ut
1122 4334 1155 4380 iia
1164 4334 1329 4394 satisfaciat.
1345 4334 1508 4383 Ridioularu·

381 4412 495 4472 exemplo
522 4426 572 4460 non
600 4412 719 4460 evertitur
739 4411 780 4468 id,
810 4412 877 4472 quod
895 4412 921 4459 in
970 4410 1081 4473 perstitio
1100 4411 1182 4460 effecit
1194 4416 1223 4460 ut
1235 4411 1349 4461 Editores
1362 4411 1510 4461 exhiberent

383 4492 480 4539 Muren.
495 4494 507 4549 ξ
522 4493 555 4540 13
567 4487 663 4547 notavi,
679 4489 786 4537 Scholia.
795 4492 921 4551 Hypomn.
970 4491 1009 4536 ati
1029 4491 1077 4537 eia:
1099 4504 1158 4539 mox
1169 4494 1237 4538 recte
1251 4504 1337 4539 omnes
1351 4489 1408 4539 libri
1421 4493 1452 4539 at
1463 4492 1508 4539 eie.

382 4570 412 4615 V.
428 4584 453 4629 p.
469 4570 526 4617 336.
971 4566 1045 4615 Conf.
1058 4568 1116 4625 adt
1133 4569 1193 4617 136.
