3242 5500
434 580 546 628 arnna
573 578 741 628 suarius.
771 561 787 640 1
817 559 896 626 lul.
1158 555 1227 628 337

107 751 314 846 scripseras:
355 775 536 847 quumque
574 751 617 822 de
655 749 792 821 duabus
814 749 937 846 primis
959 748 1060 820 uobis
1086 748 1228 844 quidem

106 860 228 946 satie,
249 861 332 945 sed,
372 868 412 932 ut
435 861 511 956 ipse
535 859 697 945 dicebas,
723 860 879 931 celeriter
899 859 1095 954 exigueque
1120 858 1227 930 dixis·

105 993 180 1054 ses,
208 969 297 1041 duas
318 969 386 1041 tibi
410 970 563 1065 reliquas
585 971 735 1053 feceras,
762 969 1058 1062 quemadmodum
1075 968 1229 1063 primum

104 1086 245 1164 ornate,
273 1077 400 1149 deinde
424 1079 530 1150 etiam
554 1088 635 1174 apte
657 1079 863 1149 diceremus,
917 1078 1023 1153 Quod
1044 1102 1154 1172 quum
1179 1079 1231 1149 in·
1257 1107 1303 1153 111

105 1212 248 1281 gressus
280 1211 393 1272 esses,
429 1196 574 1283 repente
608 1196 642 1259 11
665 1189 765 1281 quasi
789 1187 933 1281 quidam
955 1196 1072 1259 aestus
1096 1187 1231 1282 ingenii

43 1306 46 1310 '
105 1297 160 1367 tui
182 1297 306 1391 procul
328 1321 348 1367 a
371 1305 463 1368 terra
487 1296 662 1391 abripuit,
689 1304 793 1392 atque
818 1296 853 1367 in
877 1297 988 1368 altum
1006 1321 1026 1366 a
1043 1305 1232 1391 conspectu

104 1430 218 1501 paene
235 1406 394 1477 omnium
411 1404 592 1477 abstraxit.
637 1405 790 1477 Omnem
808 1405 902 1476 enim
919 1427 1036 1476 rerum
1050 1405 1231 1476 scientiam

105 1515 331 1610 complexus,
358 1539 429 1585 non
453 1523 493 1586 tu
515 1514 658 1609 quidem
684 1539 760 1585 cani
783 1514 886 1586 nobis
904 1514 1081 1586 tradidisti
1103 1517 1231 1610 (neque

106 1624 203 1694 enim
241 1623 309 1695 fuit
341 1634 414 1695 tam
451 1624 571 1718 exigui
595 1625 801 1719 temporis),
830 1624 910 1709 sed,
937 1623 1033 1719 apud
1056 1623 1119 1695 hos
1145 1622 1231 1718 quid

106 1733 316 1828 profeceris,
355 1733 493 1817 nescia,
532 1758 588 1804 me
625 1733 769 1828 quidem
805 1733 842 1803 in
865 1733 1093 1804 Academiam
1117 1741 1232 1805 toturn

99 1843 331 1938 compulisti:
358 1843 395 1912 in
421 1867 491 1937 qua
505 1843 612 1914 xvelim
631 1843 676 1914 sit
694 1843 803 1926 illud,
831 1842 926 1938 quod
944 1867 1046 1938 saepe
1064 1843 1231 1937 posuisti,

106 1962 147 2024 ut
170 1977 243 2022 non
268 1975 410 2023 necesse
432 1952 478 2023 sit
503 1952 707 2023 consumere
729 1960 900 2036 aetatem,
927 1959 1034 2047 atque
1059 1960 1099 2023 ut
1121 1953 1232 2048 possit

106 2064 135 2134 is
160 2062 223 2133 illa
244 2061 363 2132 omnia
385 2085 545 2147 cernere,
573 2062 634 2156 qui
663 2060 908 2133 tantummodo
938 2062 1130 2157 aspexerit:
1158 2062 1232 2146 sed,

107 2172 215 2243 etiam
237 2170 267 2242 si
291 2177 345 2242 est
368 2171 549 2265 aliquanto
572 2171 739 2266 spissius,
765 2177 826 2240 aut
849 2170 878 2240 si
901 2193 966 2266 ego
989 2194 1068 2241 sum
1085 2171 1232 2257 tardior,

106 2282 265 2377 profecto
310 2304 503 2374 numquam
553 2279 818 2375 conquiescam,
869 2303 984 2375 neque
1017 2278 1235 2375 defatigabor

106 2398 211 2474 ante,
248 2413 353 2483 quam
390 2389 531 2460 illorum
563 2389 732 2485 ancipites
769 2388 842 2460 vias
869 2389 1093 2483 rationesque
1114 2398 1148 2460 et
1172 2413 1235 2484 pro
1307 2465 1308 2468 Ἴ

106 2497 297 2583 omnibus,
324 2505 357 2568 et
389 2506 508 2569 contra
531 2499 650 2569 omnia
675 2496 881 2593 disputandi
903 2523 1100 2594 percepere.

156 2608 250 2678 Turn
269 2607 413 2691 Caesar,
432 2605 570 2692 Unum,
588 2607 722 2702 inquit,
740 2631 796 2677 me
814 2631 857 2677 ex
874 2613 935 2677 tuo
953 2631 1111 2678 sermone
1127 2607 1236 2679 maxi·
1263 2642 1308 2688 14ss

106 2741 183 2802 1111,
205 2716 348 2800 Crasse,
374 2716 576 2802 commovit,
603 2715 797 2813 quodcum
815 2715 969 2811 negasti,
996 2716 1057 2812 qui
1077 2741 1147 2788 non
1166 2717 1234 2789 cito

105 2825 197 2922 quid
222 2825 422 2911 didicisset,
459 2850 628 2922 umquam
662 2826 805 2897 omnino
829 2850 931 2921 posse
953 2826 1167 2921 perdiscere:
1195 2834 1235 2897 ut

105 2935 197 3007 mihi
223 2959 295 3006 non
323 2935 368 3006 sit
391 2934 533 3007 difficile
553 2935 762 3031 periclitari,
790 2942 825 3005 11
842 2944 904 3005 aut
923 2936 1040 3006 statim
1058 2936 1236 3032 percipere

105 3050 196 3130 ista,
235 3068 325 3139 quae
362 3052 403 3115 tu
425 3044 540 3115 verbis
563 3044 608 3115 ad
632 3044 769 3115 coelum
795 3043 974 3130 extulisti,
1000 3053 1081 3131 aut,
1109 3046 1138 3116 si
1163 3069 1234 3116 non

105 3154 307 3251 potuerim,
332 3162 473 3249 tempus
489 3178 559 3225 non
579 3154 743 3249 perdere,
771 3177 881 3248 quum
899 3162 1017 3225 tamen
1035 3154 1090 3227 his
1107 3155 1236 3227 nostris

105 3264 244 3360 possim
274 3287 349 3333 esse
378 3271 574 3336 contentus.
629 3262 699 3334 Hic
725 3263 925 3357 Sulpicius,
952 3264 1029 3358 Ego
1054 3289 1155 3350 vera,
1181 3266 1234 3335 in·
1263 3302 1308 3352 147

107 3585 162 3639 fuit
179 3584 207 3631 id
221 3585 272 3630 tam
286 3583 509 3647 eaiyuitemperic:
525 3585 652 3633 exciderat
699 3599 754 3633 sum
764 3585 911 3641 intueretur,
923 3582 1235 3643 cuiusexemplumseque·

106 3665 186 3712 Pron.
200 3665 305 3723 propter
318 3663 432 3710 anteced.
446 3662 575 3723 syllabam.
699 3669 780 3721 retur,
800 3667 829 3711 ut
849 3662 977 3724 aliquoties
995 3666 1051 3709 ante
1072 3661 1165 3709 dictum
1187 3668 1234 3709 est=

141 3740 211 3803 qued
226 3754 298 3799 caepe
307 3741 423 3799 poeniali.
458 3742 499 3789 Bis
513 3756 571 3790 sane
586 3742 651 3789 hanc
699 3742 766 3790 conf.
782 3744 802 3791 l.
819 3746 830 3799 §
847 3743 890 3790 96:
908 3753 989 3800 neque
1002 3743 1236 3803 postremcmcpnna

106 3834 180 3867 snam
194 3817 343 3865 sententiam
357 3819 525 3867 enuntiaverat
539 3822 650 3878 Crassus,
699 3820 734 3865 ad
745 3819 817 3881 qaid,
832 3820 858 3867 in
873 3819 1024 3867 consilioant
1038 3820 1086 3866 fine
1095 3818 1183 3880 agendi
1192 3833 1234 3865 ex-

106 3912 200 3959 supm,
217 3900 230 3954 §
246 3895 276 3944 87
292 3900 317 3943 et
332 3898 392 3945 123:
411 3897 455 3945 sed
470 3912 520 3945 non
535 3899 650 3948 erathoc
699 3898 830 3959 plicando,
858 3898 917 3946 ferri
946 3901 1036 3959 potest.
1078 3900 1236 3958 Quapropter

106 3991 194 4037 caepe,
217 3973 286 4034 quod
305 3975 452 4022 mutandum
473 3976 533 4022 mihi
552 3976 651 4025 videtur
700 3975 776 4025 verba
793 3977 838 4023 illa
857 3976 957 4025 insititia
971 3989 1023 4023 esse
1036 3974 1132 4034 iudico,
1148 3974 1236 4036 quibus

107 4055 135 4103 in
147 4055 212 4113 ipae.
236 4050 393 4100 0111111111.
404 4055 465 4111 193,
481 4044 585 4112 etinira,
600 4058 649 4104 111.
699 4055 800 4103 abiectis
814 4056 892 4103 multo
900 4055 987 4103 melius
995 4052 1235 4111 subiiciunturhaec,

109 4138 122 4191 ς
137 4133 197 4180 213.
413 4125 420 4139 '
699 4148 732 4180 ee
745 4148 793 4195 qua
807 4135 860 4193 11111
874 4160 916 4180 -—.

145 4210 194 4260 147
199 4248 204 4257 .
224 4209 331 4272 aequitio
343 4209 406 4256 aetia
419 4224 506 4273 magna
518 4214 556 4258 eat
569 4212 647 4271 [ad-
733 4226 782 4259 noa
794 4212 824 4259 at
838 4212 992 4272 desperarem
999 4225 1037 4257 me
1047 4212 1233 4274 [eloquentiam]

108 4288 301 4351 elequentiam]
351 4289 437 4349 Neque
464 4289 577 4349 spectare
601 4291 650 4336 111-
700 4292 814 4352 cecsequi
829 4304 910 4350 posse.
946 4290 1039 4337 Iterum
1052 4304 1183 4351 perperam
1195 4292 1234 4338 in-

108 4369 239 4429 picentium
259 4371 327 4414 recte
347 4366 451 4422 dicitur,
473 4381 519 4427 pro
540 4369 653 4429 consequi
700 4370 825 4415 calcatum
839 4372 876 4415 est
890 4368 1061 4428 eloquentiam.
1096 4367 1145 4416 Sed
1158 4369 1234 4415 corri-

106 4459 195 4507 spcro,
218 4449 262 4492 aut
282 4444 356 4493 etiam
377 4459 423 4505 pro
443 4444 523 4492 anime
540 4445 600 4491 milti
613 4446 651 4491 ie·
701 4446 825 4509 gendum,
844 4460 892 4492 ace
905 4447 934 4492 ut
947 4459 1071 4505 sperarem
1079 4440 1235 4508 caecamque,

101 4526 210 4584 scrme:
234 4538 315 4584 neque
334 4522 475 4571 huiusmodi
496 4523 556 4584 quid
570 4523 651 4584 Sulpi·
701 4522 796 4572 abiecto
805 4538 888 4585 pocae,
904 4524 934 4571 de
949 4522 1236 4585 qnosuspicabarsupra,

106 4604 175 4651 cium
195 4602 280 4649 dicere
295 4600 414 4658 decebat,
433 4602 474 4662 qui
488 4617 565 4652 unum
580 4603 653 4650 Cras·
702 4602 733 4649 ad
748 4607 759 4659 §
776 4605 816 4650 95.

1013 4692 1044 4738 31
