<?xml version="1.0" encoding="UTF-8"?>
<!DOCTYPE html PUBLIC "-//W3C//DTD XHTML 1.0 Transitional//EN"
    "http://www.w3.org/TR/xhtml1/DTD/xhtml1-transitional.dtd">
<html xmlns="http://www.w3.org/1999/xhtml" xml:lang="en" lang="en">
 <head>
  <title>
</title>
<meta http-equiv="Content-Type" content="text/html;charset=utf-8" />
  <meta name='ocr-system' content='tesseract 3.04.00' />
  <meta name='ocr-capabilities' content='ocr_page ocr_carea ocr_par ocr_line ocrx_word'/>
</head>
<body>
  <div class='ocr_page' id='page_1' title='image "./mtulliiciceroni01bakegoog_0251.png"; bbox 0 0 3242 5500; ppageno 0'>
   <div class='ocr_carea' id='block_1_1' title="bbox 439 547 1245 629">
    <p class='ocr_par' dir='ltr' id='par_1_1' title="bbox 439 547 1245 629">
     <span class='ocr_line' id='line_1_1' title="bbox 439 547 1245 629; baseline 0 -15"><span class='ocrx_word' id='word_1_1' title='bbox 439 567 552 615; x_wconf 77' lang='lat' dir='ltr'><strong>ruane</strong></span> <span class='ocrx_word' id='word_1_2' title='bbox 579 565 781 617; x_wconf 73' lang='lat' dir='ltr'><strong>succubus.</strong></span> <span class='ocrx_word' id='word_1_3' title='bbox 809 549 826 629; x_wconf 64' lang='grc' dir='ltr'><strong>ἓ</strong></span> <span class='ocrx_word' id='word_1_4' title='bbox 852 547 935 617; x_wconf 79' lang='lat'><strong>268.</strong></span> <span class='ocrx_word' id='word_1_5' title='bbox 1178 547 1245 616; x_wconf 78' lang='lat'><strong>231</strong></span> 
     </span>
    </p>
   </div>
   <div class='ocr_carea' id='block_1_2' title="bbox 39 735 1416 2773">
    <p class='ocr_par' dir='ltr' id='par_1_2' title="bbox 39 735 1445 2773">
     <span class='ocr_line' id='line_1_2' title="bbox 133 735 1248 834; baseline -0.002 -24"><span class='ocrx_word' id='word_1_6' title='bbox 133 739 193 810; x_wconf 83' lang='lat' dir='ltr'><strong>tias</strong></span> <span class='ocrx_word' id='word_1_7' title='bbox 223 746 363 833; x_wconf 87' lang='lat' dir='ltr'><strong>ageret,</strong></span> <span class='ocrx_word' id='word_1_8' title='bbox 395 739 491 834; x_wconf 90' lang='lat' dir='ltr'><strong>quod</strong></span> <span class='ocrx_word' id='word_1_9' title='bbox 516 762 553 810; x_wconf 88' lang='lat' dir='ltr'><strong>se</strong></span> <span class='ocrx_word' id='word_1_10' title='bbox 581 735 686 809; x_wconf 89' lang='lat' dir='ltr'><strong>liomo</strong></span> <span class='ocrx_word' id='word_1_11' title='bbox 708 737 872 826; x_wconf 82' lang='lat' dir='ltr'><strong>inimicus</strong></span> <span class='ocrx_word' id='word_1_12' title='bbox 891 736 1070 808; x_wconf 90' lang='lat' dir='ltr'><strong>consulem</strong></span> <span class='ocrx_word' id='word_1_13' title='bbox 1092 737 1248 822; x_wconf 82' lang='lat' dir='ltr'><strong>fecisset,</strong></span> 
     </span>
     <span class='ocr_line' id='line_1_3' title="bbox 132 843 1250 943; baseline -0.002 -25"><span class='ocrx_word' id='word_1_14' title='bbox 132 847 217 919; x_wconf 93' lang='lat' dir='ltr'><strong>bello</strong></span> <span class='ocrx_word' id='word_1_15' title='bbox 248 848 452 943; x_wconf 88' lang='lat' dir='ltr'><strong>praesertim</strong></span> <span class='ocrx_word' id='word_1_16' title='bbox 489 871 618 943; x_wconf 88' lang='lat' dir='ltr'><strong>magno</strong></span> <span class='ocrx_word' id='word_1_17' title='bbox 641 855 676 919; x_wconf 88' lang='lat' dir='ltr'><strong>ct</strong></span> <span class='ocrx_word' id='word_1_18' title='bbox 697 845 807 941; x_wconf 77' lang='lat' dir='ltr'><strong>gravi3</strong></span> <span class='ocrx_word' id='word_1_19' title='bbox 833 843 941 917; x_wconf 78' lang='lat' dir='ltr'><strong>Nihil</strong></span> <span class='ocrx_word' id='word_1_20' title='bbox 960 857 1026 931; x_wconf 81' lang='lat' dir='ltr'><strong>ost,</strong></span> <span class='ocrx_word' id='word_1_21' title='bbox 1052 845 1145 940; x_wconf 77' lang='lat' dir='ltr'><strong>qood</strong></span> <span class='ocrx_word' id='word_1_22' title='bbox 1162 845 1250 917; x_wconf 84' lang='lat' dir='ltr'><strong>mili</strong></span> 
     </span>
     <span class='ocr_line' id='line_1_4' title="bbox 130 953 1249 1052; baseline 0.001 -25"><span class='ocrx_word' id='word_1_23' title='bbox 130 955 257 1052; x_wconf 75' lang='lat' dir='ltr'><strong>pretias</strong></span> <span class='ocrx_word' id='word_1_24' title='bbox 267 981 365 1052; x_wconf 71' lang='lat' dir='ltr'><strong>coos,</strong></span> <span class='ocrx_word' id='word_1_25' title='bbox 382 957 518 1052; x_wconf 87' lang='lat' dir='ltr'><strong>inquit,</strong></span> <span class='ocrx_word' id='word_1_26' title='bbox 537 955 688 1029; x_wconf 66' lang='lat' dir='ltr'><strong>amoliti</strong></span> <span class='ocrx_word' id='word_1_27' title='bbox 696 953 896 1050; x_wconf 79' lang='lat' dir='ltr'><strong>compilari,</strong></span> <span class='ocrx_word' id='word_1_28' title='bbox 916 978 1020 1048; x_wconf 80' lang='lat' dir='ltr'><strong>quoni</strong></span> <span class='ocrx_word' id='word_1_29' title='bbox 1032 953 1155 1028; x_wconf 80' lang='lat' dir='ltr'><strong>conire.</strong></span> <span class='ocrx_word' id='word_1_30' title='bbox 1200 955 1249 1028; x_wconf 89' lang='lat' dir='ltr'><strong>Ut</strong></span> 
     </span>
     <span class='ocr_line' id='line_1_5' title="bbox 131 1061 1248 1152; baseline 0 -16"><span class='ocrx_word' id='word_1_31' title='bbox 131 1065 243 1137; x_wconf 79' lang='lat' dir='ltr'>Asello</span> <span class='ocrx_word' id='word_1_32' title='bbox 261 1064 461 1152; x_wconf 69' lang='lat' dir='ltr'><strong>Africanus</strong></span> <span class='ocrx_word' id='word_1_33' title='bbox 486 1065 667 1136; x_wconf 89' lang='lat' dir='ltr'><strong>obiicienti</strong></span> <span class='ocrx_word' id='word_1_34' title='bbox 691 1065 843 1137; x_wconf 89' lang='lat' dir='ltr'><strong>lustrum</strong></span> <span class='ocrx_word' id='word_1_35' title='bbox 868 1062 958 1134; x_wconf 93' lang='lat' dir='ltr'><strong>illud</strong></span> <span class='ocrx_word' id='word_1_36' title='bbox 978 1062 1118 1149; x_wconf 80' lang='lat' dir='ltr'><strong>infelix,</strong></span> <span class='ocrx_word' id='word_1_37' title='bbox 1143 1061 1248 1149; x_wconf 86' lang='lat' dir='ltr'><strong>Noli,</strong></span> 
     </span>
     <span class='ocr_line' id='line_1_6' title="bbox 133 1169 1250 1270; baseline 0 -24"><span class='ocrx_word' id='word_1_38' title='bbox 133 1174 255 1270; x_wconf 85' lang='lat' dir='ltr'><strong>inquit,</strong></span> <span class='ocrx_word' id='word_1_39' title='bbox 272 1175 418 1248; x_wconf 77' lang='lat' dir='ltr'><strong>mirari:</strong></span> <span class='ocrx_word' id='word_1_40' title='bbox 435 1175 468 1248; x_wconf 84' lang='lat' dir='ltr'><strong>is</strong></span> <span class='ocrx_word' id='word_1_41' title='bbox 483 1173 667 1270; x_wconf 81' lang='lat' dir='ltr'><strong>onim,‘qoi</strong></span> <span class='ocrx_word' id='word_1_42' title='bbox 684 1187 716 1246; x_wconf 87' lang='lat' dir='ltr'><strong>tc</strong></span> <span class='ocrx_word' id='word_1_43' title='bbox 731 1198 772 1246; x_wconf 79' lang='lat' dir='ltr'><strong>ec</strong></span> <span class='ocrx_word' id='word_1_44' title='bbox 788 1169 937 1246; x_wconf 66' lang='lat' dir='ltr'><strong>conniis</strong></span> <span class='ocrx_word' id='word_1_45' title='bbox 951 1171 1085 1252; x_wconf 80' lang='lat' dir='ltr'><strong>coemit.</strong></span> <span class='ocrx_word' id='word_1_46' title='bbox 1102 1171 1250 1246; x_wconf 80' lang='lat' dir='ltr'><strong>lustrum</strong></span> 
     </span>
     <span class='ocr_line' id='line_1_7' title="bbox 131 1276 1247 1377; baseline -0.001 -22"><span class='ocrx_word' id='word_1_47' title='bbox 131 1281 290 1366; x_wconf 77' lang='lat' dir='ltr'><strong>condidit,</strong></span> <span class='ocrx_word' id='word_1_48' title='bbox 327 1296 359 1356; x_wconf 85' lang='lat' dir='ltr'><strong>ct</strong></span> <span class='ocrx_word' id='word_1_49' title='bbox 392 1297 534 1356; x_wconf 81' lang='lat' dir='ltr'><strong>tuorum</strong></span> <span class='ocrx_word' id='word_1_50' title='bbox 569 1280 773 1356; x_wconf 81' lang='lat' dir='ltr'><strong>immolauit.</strong></span> <span class='ocrx_word' id='word_1_51' title='bbox 828 1276 957 1375; x_wconf 80' lang='lat' dir='ltr'><strong>[Tanta</strong></span> <span class='ocrx_word' id='word_1_52' title='bbox 990 1281 1141 1377; x_wconf 87' lang='lat' dir='ltr'><strong>suspicio</strong></span> <span class='ocrx_word' id='word_1_53' title='bbox 1174 1290 1247 1368; x_wconf 89' lang='lat' dir='ltr'><strong>est,</strong></span> 
     </span>
     <span class='ocr_line' id='line_1_8' title="bbox 131 1389 1248 1488; baseline 0 -25"><span class='ocrx_word' id='word_1_54' title='bbox 131 1401 166 1463; x_wconf 89' lang='lat' dir='ltr'><strong>ut</strong></span> <span class='ocrx_word' id='word_1_55' title='bbox 194 1392 363 1488; x_wconf 84' lang='lat' dir='ltr'><strong>religione</strong></span> <span class='ocrx_word' id='word_1_56' title='bbox 393 1393 570 1465; x_wconf 87' lang='lat' dir='ltr'><strong>civitatem</strong></span> <span class='ocrx_word' id='word_1_57' title='bbox 597 1390 827 1465; x_wconf 81' lang='lat' dir='ltr'><strong>obstrinxisse</strong></span> <span class='ocrx_word' id='word_1_58' title='bbox 849 1389 1009 1462; x_wconf 87' lang='lat' dir='ltr'><strong>videatur</strong></span> <span class='ocrx_word' id='word_1_59' title='bbox 1032 1390 1248 1477; x_wconf 87' lang='lat' dir='ltr'><strong>Mummius,</strong></span> 
     </span>
     <span class='ocr_line' id='line_1_9' title="bbox 131 1492 801 1597; baseline -0.005 -25"><span class='ocrx_word' id='word_1_60' title='bbox 131 1501 219 1596; x_wconf 90' lang='lat' dir='ltr'><strong>quod</strong></span> <span class='ocrx_word' id='word_1_61' title='bbox 242 1501 405 1573; x_wconf 87' lang='lat' dir='ltr'><strong>Asellum</strong></span> <span class='ocrx_word' id='word_1_62' title='bbox 429 1501 625 1597; x_wconf 88' lang='lat' dir='ltr'><strong>ignominia</strong></span> <span class='ocrx_word' id='word_1_63' title='bbox 649 1492 801 1595; x_wconf 78' lang='lat' dir='ltr'><strong>levarit]</strong></span> 
     </span>
     <span class='ocr_line' id='line_1_10' title="bbox 174 1605 1416 1702; baseline 0.006 -23"><span class='ocrx_word' id='word_1_64' title='bbox 174 1608 316 1681; x_wconf 87' lang='lat' dir='ltr'><strong>Urbana</strong></span> <span class='ocrx_word' id='word_1_65' title='bbox 351 1611 468 1697; x_wconf 30' lang='lat' dir='ltr'><strong>etiam·</strong></span> <span class='ocrx_word' id='word_1_66' title='bbox 489 1607 723 1696; x_wconf 79' lang='lat' dir='ltr'><strong>dissimulatio</strong></span> <span class='ocrx_word' id='word_1_67' title='bbox 757 1615 832 1692; x_wconf 89' lang='lat' dir='ltr'><strong>est,</strong></span> <span class='ocrx_word' id='word_1_68' title='bbox 859 1631 969 1702; x_wconf 91' lang='lat' dir='ltr'><strong>quum</strong></span> <span class='ocrx_word' id='word_1_69' title='bbox 991 1605 1060 1678; x_wconf 85' lang='lat' dir='ltr'><strong>alia</strong></span> <span class='ocrx_word' id='word_1_70' title='bbox 1086 1606 1251 1682; x_wconf 89' lang='lat' dir='ltr'><strong>dicuntur</strong></span> <span class='ocrx_word' id='word_1_71' title='bbox 1276 1617 1322 1687; x_wconf 87' lang='grc'><strong>67</strong></span> <span class='ocrx_word' id='word_1_72' title='bbox 1412 1693 1416 1698; x_wconf 62' lang='grc'><strong>,</strong></span> 
     </span>
     <span class='ocr_line' id='line_1_11' title="bbox 130 1715 1323 1814; baseline -0.003 -24"><span class='ocrx_word' id='word_1_73' title='bbox 130 1743 166 1790; x_wconf 87' lang='lat' dir='ltr'><strong>ac</strong></span> <span class='ocrx_word' id='word_1_74' title='bbox 199 1719 347 1804; x_wconf 83' lang='lat' dir='ltr'><strong>sentias3</strong></span> <span class='ocrx_word' id='word_1_75' title='bbox 383 1744 456 1791; x_wconf 90' lang='lat' dir='ltr'><strong>non</strong></span> <span class='ocrx_word' id='word_1_76' title='bbox 479 1718 539 1790; x_wconf 95' lang='lat' dir='ltr'><strong>illo</strong></span> <span class='ocrx_word' id='word_1_77' title='bbox 565 1742 713 1814; x_wconf 85' lang='lat' dir='ltr'><strong>genere,</strong></span> <span class='ocrx_word' id='word_1_78' title='bbox 745 1716 790 1788; x_wconf 88' lang='lat' dir='ltr'><strong>dc</strong></span> <span class='ocrx_word' id='word_1_79' title='bbox 819 1740 890 1811; x_wconf 88' lang='lat' dir='ltr'><strong>quo</strong></span> <span class='ocrx_word' id='word_1_80' title='bbox 914 1723 995 1788; x_wconf 91' lang='lat' dir='ltr'><strong>ante</strong></span> <span class='ocrx_word' id='word_1_81' title='bbox 1018 1715 1112 1802; x_wconf 84' lang='lat' dir='ltr'><strong>dixi,</strong></span> <span class='ocrx_word' id='word_1_82' title='bbox 1139 1742 1250 1812; x_wconf 92' lang='lat' dir='ltr'><strong>quum</strong></span> <span class='ocrx_word' id='word_1_83' title='bbox 1276 1743 1323 1788; x_wconf 80' lang='lat' dir='ltr'><strong>ecc</strong></span> 
     </span>
     <span class='ocr_line' id='line_1_12' title="bbox 130 1824 1249 1923; baseline 0.002 -25"><span class='ocrx_word' id='word_1_84' title='bbox 130 1827 294 1899; x_wconf 86' lang='lat' dir='ltr'><strong>contraria</strong></span> <span class='ocrx_word' id='word_1_85' title='bbox 316 1827 429 1913; x_wconf 90' lang='lat' dir='ltr'><strong>dicas,</strong></span> <span class='ocrx_word' id='word_1_86' title='bbox 455 1835 495 1899; x_wconf 88' lang='lat' dir='ltr'><strong>ut</strong></span> <span class='ocrx_word' id='word_1_87' title='bbox 517 1826 661 1900; x_wconf 82' lang='lat' dir='ltr'><strong>Lamiae</strong></span> <span class='ocrx_word' id='word_1_88' title='bbox 687 1827 851 1912; x_wconf 75' lang='lat' dir='ltr'><strong>Crassus,</strong></span> <span class='ocrx_word' id='word_1_89' title='bbox 879 1824 941 1896; x_wconf 83' lang='lat' dir='ltr'><strong>sed</strong></span> <span class='ocrx_word' id='word_1_90' title='bbox 964 1849 1073 1921; x_wconf 91' lang='lat' dir='ltr'><strong>quum</strong></span> <span class='ocrx_word' id='word_1_91' title='bbox 1098 1834 1173 1898; x_wconf 92' lang='lat' dir='ltr'><strong>toto</strong></span> <span class='ocrx_word' id='word_1_92' title='bbox 1189 1852 1249 1923; x_wconf 88' lang='lat' dir='ltr'><strong>ge·</strong></span> 
     </span>
     <span class='ocr_line' id='line_1_13' title="bbox 130 1934 1251 2030; baseline 0.002 -24"><span class='ocrx_word' id='word_1_93' title='bbox 130 1960 205 2006; x_wconf 89' lang='lat' dir='ltr'><strong>nere</strong></span> <span class='ocrx_word' id='word_1_94' title='bbox 228 1936 396 2009; x_wconf 88' lang='lat' dir='ltr'><strong>orationis</strong></span> <span class='ocrx_word' id='word_1_95' title='bbox 422 1948 559 2008; x_wconf 82' lang='lat' dir='ltr'><strong>severae</strong></span> <span class='ocrx_word' id='word_1_96' title='bbox 582 1935 702 2022; x_wconf 89' lang='lat' dir='ltr'><strong>ludas,</strong></span> <span class='ocrx_word' id='word_1_97' title='bbox 729 1959 842 2030; x_wconf 92' lang='lat' dir='ltr'><strong>quum</strong></span> <span class='ocrx_word' id='word_1_98' title='bbox 865 1934 966 2006; x_wconf 87' lang='lat' dir='ltr'><strong>aliter</strong></span> <span class='ocrx_word' id='word_1_99' title='bbox 991 1934 1119 2010; x_wconf 81' lang='lat' dir='ltr'><strong>sentias</strong></span> <span class='ocrx_word' id='word_1_100' title='bbox 1143 1960 1182 2008; x_wconf 91' lang='lat' dir='ltr'><strong>ac</strong></span> <span class='ocrx_word' id='word_1_101' title='bbox 1199 1937 1251 2008; x_wconf 91' lang='lat' dir='ltr'><strong>lo·</strong></span> 
     </span>
     <span class='ocr_line' id='line_1_14' title="bbox 130 2043 1250 2140; baseline 0.001 -24"><span class='ocrx_word' id='word_1_102' title='bbox 130 2069 248 2139; x_wconf 87' lang='lat' dir='ltr'><strong>quare:</strong></span> <span class='ocrx_word' id='word_1_103' title='bbox 285 2049 328 2118; x_wconf 80' lang='lat' dir='ltr'><strong>rit</strong></span> <span class='ocrx_word' id='word_1_104' title='bbox 362 2053 479 2118; x_wconf 89' lang='lat' dir='ltr'><strong>noster</strong></span> <span class='ocrx_word' id='word_1_105' title='bbox 514 2045 677 2118; x_wconf 87' lang='lat' dir='ltr'><strong>Scaevola</strong></span> <span class='ocrx_word' id='word_1_106' title='bbox 700 2043 943 2140; x_wconf 89' lang='lat' dir='ltr'><strong>Septumuleio</strong></span> <span class='ocrx_word' id='word_1_107' title='bbox 964 2043 1018 2115; x_wconf 91' lang='lat' dir='ltr'><strong>illi</strong></span> <span class='ocrx_word' id='word_1_108' title='bbox 1039 2043 1250 2140; x_wconf 86' lang='lat' dir='ltr'><strong>Anagnino,</strong></span> 
     </span>
     <span class='ocr_line' id='line_1_15' title="bbox 129 2150 1249 2250; baseline 0.001 -25"><span class='ocrx_word' id='word_1_109' title='bbox 129 2154 181 2225; x_wconf 90' lang='lat' dir='ltr'><strong>eui</strong></span> <span class='ocrx_word' id='word_1_110' title='bbox 197 2179 260 2250; x_wconf 89' lang='lat' dir='ltr'><strong>pro</strong></span> <span class='ocrx_word' id='word_1_111' title='bbox 278 2155 322 2227; x_wconf 86' lang='lat' dir='ltr'><strong>C.</strong></span> <span class='ocrx_word' id='word_1_112' title='bbox 343 2152 493 2227; x_wconf 85' lang='lat' dir='ltr'><strong>Gracchi</strong></span> <span class='ocrx_word' id='word_1_113' title='bbox 509 2150 715 2250; x_wconf 78' lang='lat' dir='ltr'><strong>capitecrat</strong></span> <span class='ocrx_word' id='word_1_114' title='bbox 731 2177 857 2225; x_wconf 89' lang='lat' dir='ltr'><strong>aurum</strong></span> <span class='ocrx_word' id='word_1_115' title='bbox 870 2175 1075 2246; x_wconf 89' lang='lat' dir='ltr'><strong>repensum,</strong></span> <span class='ocrx_word' id='word_1_116' title='bbox 1094 2155 1249 2247; x_wconf 85' lang='lat' dir='ltr'><strong>roganti,</strong></span> 
     </span>
     <span class='ocr_line' id='line_1_16' title="bbox 39 2258 1249 2359; baseline 0 -25"><span class='ocrx_word' id='word_1_117' title='bbox 39 2293 45 2304; x_wconf 87' lang='lat'><strong>·</strong></span> <span class='ocrx_word' id='word_1_118' title='bbox 129 2272 164 2334; x_wconf 91' lang='lat' dir='ltr'><strong>ut</strong></span> <span class='ocrx_word' id='word_1_119' title='bbox 180 2287 214 2335; x_wconf 89' lang='lat' dir='ltr'><strong>se</strong></span> <span class='ocrx_word' id='word_1_120' title='bbox 230 2265 268 2335; x_wconf 92' lang='lat' dir='ltr'><strong>in</strong></span> <span class='ocrx_word' id='word_1_121' title='bbox 287 2263 410 2336; x_wconf 87' lang='lat' dir='ltr'><strong>Asiam</strong></span> <span class='ocrx_word' id='word_1_122' title='bbox 429 2264 643 2359; x_wconf 85' lang='lat' dir='ltr'><strong>praefectum</strong></span> <span class='ocrx_word' id='word_1_123' title='bbox 661 2261 819 2348; x_wconf 88' lang='lat' dir='ltr'><strong>duceret,</strong></span> <span class='ocrx_word' id='word_1_124' title='bbox 845 2258 941 2343; x_wconf 82' lang='lat' dir='ltr'><strong>Quid</strong></span> <span class='ocrx_word' id='word_1_125' title='bbox 954 2258 1018 2332; x_wconf 83' lang='lat' dir='ltr'><strong>tibi</strong></span> <span class='ocrx_word' id='word_1_126' title='bbox 1033 2259 1102 2346; x_wconf 79' lang='lat' dir='ltr'><strong>oia,</strong></span> <span class='ocrx_word' id='word_1_127' title='bbox 1120 2262 1249 2356; x_wconf 88' lang='lat' dir='ltr'><strong>inquit,</strong></span> 
     </span>
     <span class='ocr_line' id='line_1_17' title="bbox 129 2367 1252 2470; baseline 0 -27"><span class='ocrx_word' id='word_1_128' title='bbox 129 2371 266 2446; x_wconf 68' lang='lat' dir='ltr'><strong>insono?</strong></span> <span class='ocrx_word' id='word_1_129' title='bbox 292 2385 395 2446; x_wconf 84' lang='lat' dir='ltr'><strong>tanto</strong></span> <span class='ocrx_word' id='word_1_130' title='bbox 417 2373 590 2446; x_wconf 81' lang='lat' dir='ltr'><strong>malorum</strong></span> <span class='ocrx_word' id='word_1_131' title='bbox 614 2384 665 2446; x_wconf 84' lang='lat' dir='ltr'><strong>cst</strong></span> <span class='ocrx_word' id='word_1_132' title='bbox 685 2370 873 2447; x_wconf 81' lang='lat' dir='ltr'><strong>multitudo</strong></span> <span class='ocrx_word' id='word_1_133' title='bbox 895 2367 1034 2452; x_wconf 81' lang='lat' dir='ltr'><strong>civium,</strong></span> <span class='ocrx_word' id='word_1_134' title='bbox 1056 2382 1096 2442; x_wconf 85' lang='lat' dir='ltr'><strong>ot</strong></span> <span class='ocrx_word' id='word_1_135' title='bbox 1115 2369 1177 2444; x_wconf 85' lang='lat' dir='ltr'><strong>tibi</strong></span> <span class='ocrx_word' id='word_1_136' title='bbox 1193 2395 1252 2470; x_wconf 70' lang='lat' dir='ltr'><strong>ogo</strong></span> 
     </span>
     <span class='ocr_line' id='line_1_18' title="bbox 130 2476 1304 2582; baseline 0 -29"><span class='ocrx_word' id='word_1_137' title='bbox 130 2481 184 2553; x_wconf 80' lang='lat' dir='ltr'><strong>doc</strong></span> <span class='ocrx_word' id='word_1_138' title='bbox 207 2481 422 2580; x_wconf 76' lang='lat' dir='ltr'><strong>confirmem,</strong></span> <span class='ocrx_word' id='word_1_139' title='bbox 456 2480 644 2554; x_wconf 82' lang='lat' dir='ltr'><strong>siRonooo</strong></span> <span class='ocrx_word' id='word_1_140' title='bbox 668 2478 852 2560; x_wconf 77' lang='lat' dir='ltr'><strong>manseris,</strong></span> <span class='ocrx_word' id='word_1_141' title='bbox 880 2491 912 2551; x_wconf 83' lang='lat' dir='ltr'><strong>tc</strong></span> <span class='ocrx_word' id='word_1_142' title='bbox 929 2476 1054 2572; x_wconf 83' lang='lat' dir='ltr'><strong>paucis</strong></span> <span class='ocrx_word' id='word_1_143' title='bbox 1078 2478 1182 2552; x_wconf 82' lang='lat' dir='ltr'><strong>annis</strong></span> <span class='ocrx_word' id='word_1_144' title='bbox 1205 2479 1255 2553; x_wconf 86' lang='lat' dir='ltr'><strong>od</strong></span> <span class='ocrx_word' id='word_1_145' title='bbox 1303 2577 1304 2582; x_wconf 6' lang='grc' dir='ltr'><strong>Ἰ</strong></span> 
     </span>
     <span class='ocr_line' id='line_1_19' title="bbox 131 2586 1325 2685; baseline 0.004 -26"><span class='ocrx_word' id='word_1_146' title='bbox 131 2591 299 2664; x_wconf 65' lang='lat' dir='ltr'><strong>cuodmua</strong></span> <span class='ocrx_word' id='word_1_147' title='bbox 324 2589 490 2685; x_wconf 79' lang='lat' dir='ltr'><strong>pecunias</strong></span> <span class='ocrx_word' id='word_1_148' title='bbox 516 2613 588 2662; x_wconf 81' lang='lat' dir='ltr'><strong>csse</strong></span> <span class='ocrx_word' id='word_1_149' title='bbox 608 2601 802 2662; x_wconf 81' lang='lat' dir='ltr'><strong>contorum.</strong></span> <span class='ocrx_word' id='word_1_150' title='bbox 854 2586 897 2658; x_wconf 89' lang='lat' dir='ltr'><strong>In</strong></span> <span class='ocrx_word' id='word_1_151' title='bbox 922 2586 987 2659; x_wconf 90' lang='lat' dir='ltr'><strong>hoc</strong></span> <span class='ocrx_word' id='word_1_152' title='bbox 1010 2611 1137 2682; x_wconf 86' lang='lat' dir='ltr'><strong>genere</strong></span> <span class='ocrx_word' id='word_1_153' title='bbox 1161 2589 1249 2660; x_wconf 84' lang='lat' dir='ltr'><strong>Fan·</strong></span> <span class='ocrx_word' id='word_1_154' title='bbox 1277 2620 1325 2670; x_wconf 77' lang='lat'><strong>270</strong></span> 
     </span>
     <span class='ocr_line' id='line_1_20' title="bbox 130 2696 1250 2773; baseline 0.001 -3"><span class='ocrx_word' id='word_1_155' title='bbox 130 2700 204 2773; x_wconf 86' lang='lat' dir='ltr'><strong>nius</strong></span> <span class='ocrx_word' id='word_1_156' title='bbox 237 2702 275 2773; x_wconf 93' lang='lat' dir='ltr'><strong>in</strong></span> <span class='ocrx_word' id='word_1_157' title='bbox 314 2698 500 2773; x_wconf 85' lang='lat' dir='ltr'><strong>annalibus</strong></span> <span class='ocrx_word' id='word_1_158' title='bbox 535 2699 608 2772; x_wconf 88' lang='lat' dir='ltr'><strong>suis</strong></span> <span class='ocrx_word' id='word_1_159' title='bbox 642 2698 850 2771; x_wconf 90' lang='lat' dir='ltr'><strong>Africanum</strong></span> <span class='ocrx_word' id='word_1_160' title='bbox 886 2696 981 2769; x_wconf 90' lang='lat' dir='ltr'><strong>hunc</strong></span> <span class='ocrx_word' id='word_1_161' title='bbox 1013 2697 1250 2772; x_wconf 84' lang='lat' dir='ltr'><strong>Aemilianum</strong></span> 
     </span>
    </p>
   </div>
   <div class='ocr_carea' id='block_1_3' title="bbox 127 2801 1250 3342">
    <p class='ocr_par' dir='ltr' id='par_1_3' title="bbox 127 2801 1250 3342">
     <span class='ocr_line' id='line_1_21' title="bbox 131 2801 1249 2903; baseline -0.001 -23"><span class='ocrx_word' id='word_1_162' title='bbox 131 2810 209 2882; x_wconf 91' lang='lat' dir='ltr'><strong>dicit</strong></span> <span class='ocrx_word' id='word_1_163' title='bbox 229 2812 356 2897; x_wconf 86' lang='lat' dir='ltr'><strong>fuisse,</strong></span> <span class='ocrx_word' id='word_1_164' title='bbox 383 2819 418 2882; x_wconf 88' lang='lat' dir='ltr'><strong>et</strong></span> <span class='ocrx_word' id='word_1_165' title='bbox 443 2834 524 2881; x_wconf 88' lang='lat' dir='ltr'><strong>eum</strong></span> <span class='ocrx_word' id='word_1_166' title='bbox 550 2811 683 2880; x_wconf 87' lang='lat' dir='ltr'><strong>Graeco</strong></span> <span class='ocrx_word' id='word_1_167' title='bbox 708 2807 813 2879; x_wconf 88' lang='lat' dir='ltr'><strong>verbo</strong></span> <span class='ocrx_word' id='word_1_168' title='bbox 838 2808 993 2903; x_wconf 86' lang='lat' dir='ltr'><strong>appellat</strong></span> <span class='ocrx_word' id='word_1_169' title='bbox 1016 2801 1143 2902; x_wconf 76' lang='lat' dir='ltr'><strong>e’e‘pooc·</strong></span> <span class='ocrx_word' id='word_1_170' title='bbox 1169 2808 1249 2895; x_wconf 90' lang='lat' dir='ltr'><strong>sed,</strong></span> 
     </span>
     <span class='ocr_line' id='line_1_22' title="bbox 128 2911 1249 3015; baseline 0 -26"><span class='ocrx_word' id='word_1_171' title='bbox 128 2920 177 2990; x_wconf 90' lang='lat' dir='ltr'><strong>uti</strong></span> <span class='ocrx_word' id='word_1_172' title='bbox 197 2921 329 3006; x_wconf 87' lang='lat' dir='ltr'><strong>ferunt,</strong></span> <span class='ocrx_word' id='word_1_173' title='bbox 355 2921 417 3015; x_wconf 89' lang='lat' dir='ltr'><strong>qui</strong></span> <span class='ocrx_word' id='word_1_174' title='bbox 427 2920 553 2991; x_wconf 88' lang='lat' dir='ltr'><strong>melius</strong></span> <span class='ocrx_word' id='word_1_175' title='bbox 566 2918 652 2991; x_wconf 85' lang='lat' dir='ltr'><strong>haec</strong></span> <span class='ocrx_word' id='word_1_176' title='bbox 664 2926 811 3003; x_wconf 89' lang='lat' dir='ltr'><strong>norunt,</strong></span> <span class='ocrx_word' id='word_1_177' title='bbox 839 2918 1015 2988; x_wconf 85' lang='lat' dir='ltr'><strong>Socratem</strong></span> <span class='ocrx_word' id='word_1_178' title='bbox 1036 2911 1191 3012; x_wconf 81' lang='lat' dir='ltr'><strong>[opinor]</strong></span> <span class='ocrx_word' id='word_1_179' title='bbox 1212 2918 1249 2989; x_wconf 91' lang='lat' dir='ltr'><strong>in</strong></span> 
     </span>
     <span class='ocr_line' id='line_1_23' title="bbox 129 3024 1250 3124; baseline 0.001 -27"><span class='ocrx_word' id='word_1_180' title='bbox 129 3027 186 3100; x_wconf 87' lang='lat' dir='ltr'><strong>hac</strong></span> <span class='ocrx_word' id='word_1_181' title='bbox 208 3030 323 3101; x_wconf 86' lang='lat' dir='ltr'><strong>ironia</strong></span> <span class='ocrx_word' id='word_1_182' title='bbox 348 3028 677 3124; x_wconf 89' lang='lat' dir='ltr'><strong>dissimulantiaque</strong></span> <span class='ocrx_word' id='word_1_183' title='bbox 702 3027 807 3122; x_wconf 89' lang='lat' dir='ltr'><strong>longe</strong></span> <span class='ocrx_word' id='word_1_184' title='bbox 830 3026 946 3122; x_wconf 87' lang='lat' dir='ltr'><strong>lepore</strong></span> <span class='ocrx_word' id='word_1_185' title='bbox 971 3034 1007 3099; x_wconf 90' lang='lat' dir='ltr'><strong>et</strong></span> <span class='ocrx_word' id='word_1_186' title='bbox 1031 3024 1250 3099; x_wconf 88' lang='lat' dir='ltr'><strong>humanitate</strong></span> 
     </span>
     <span class='ocr_line' id='line_1_24' title="bbox 127 3134 1249 3234; baseline 0 -27"><span class='ocrx_word' id='word_1_187' title='bbox 127 3138 285 3210; x_wconf 88' lang='lat' dir='ltr'><strong>omnibus</strong></span> <span class='ocrx_word' id='word_1_188' title='bbox 320 3138 547 3234; x_wconf 88' lang='lat' dir='ltr'><strong>praestitisse.</strong></span> <span class='ocrx_word' id='word_1_189' title='bbox 589 3138 721 3216; x_wconf 75' lang='lat' dir='ltr'><strong>,Genus</strong></span> <span class='ocrx_word' id='word_1_190' title='bbox 756 3144 807 3208; x_wconf 88' lang='lat' dir='ltr'><strong>est</strong></span> <span class='ocrx_word' id='word_1_191' title='bbox 842 3134 1067 3231; x_wconf 85' lang='lat' dir='ltr'><strong>perelegans,</strong></span> <span class='ocrx_word' id='word_1_192' title='bbox 1104 3144 1138 3207; x_wconf 91' lang='lat' dir='ltr'><strong>et</strong></span> <span class='ocrx_word' id='word_1_193' title='bbox 1169 3160 1249 3209; x_wconf 91' lang='lat' dir='ltr'><strong>cum</strong></span> 
     </span>
     <span class='ocr_line' id='line_1_25' title="bbox 128 3230 1249 3342; baseline -0.001 -24"><span class='ocrx_word' id='word_1_194' title='bbox 128 3248 292 3339; x_wconf 85' lang='lat' dir='ltr'><strong>gravitate</strong></span> <span class='ocrx_word' id='word_1_195' title='bbox 331 3247 483 3332; x_wconf 91' lang='lat' dir='ltr'><strong>salsum,</strong></span> <span class='ocrx_word' id='word_1_196' title='bbox 522 3254 671 3342; x_wconf 89' lang='lat' dir='ltr'><strong>tumque</strong></span> <span class='ocrx_word' id='word_1_197' title='bbox 703 3230 861 3317; x_wconf 81' lang='lat' dir='ltr'><strong>cratoriis</strong></span> <span class='ocrx_word' id='word_1_198' title='bbox 899 3244 1133 3330; x_wconf 87' lang='lat' dir='ltr'><strong>dictionibus,</strong></span> <span class='ocrx_word' id='word_1_199' title='bbox 1172 3254 1249 3317; x_wconf 91' lang='lat' dir='ltr'><strong>tum</strong></span> 
     </span>
    </p>
   </div>
   <div class='ocr_carea' id='block_1_4' title="bbox 116 3559 1311 4637">
    <p class='ocr_par' dir='ltr' id='par_1_4' title="bbox 116 3559 1311 4637">
     <span class='ocr_line' id='line_1_26' title="bbox 125 3559 1247 3623; baseline 0.004 -19"><span class='ocrx_word' id='word_1_200' title='bbox 125 3560 153 3605; x_wconf 84' lang='lat' dir='ltr'><strong>tis</strong></span> <span class='ocrx_word' id='word_1_201' title='bbox 165 3559 211 3607; x_wconf 89' lang='lat' dir='ltr'><strong>dici</strong></span> <span class='ocrx_word' id='word_1_202' title='bbox 225 3576 301 3622; x_wconf 89' lang='lat' dir='ltr'><strong>quem</strong></span> <span class='ocrx_word' id='word_1_203' title='bbox 310 3560 395 3620; x_wconf 79' lang='lat' dir='ltr'><strong>suiace</strong></span> <span class='ocrx_word' id='word_1_204' title='bbox 405 3564 577 3623; x_wconf 74' lang='lat' dir='ltr'><strong>ineooenere:</strong></span> <span class='ocrx_word' id='word_1_205' title='bbox 591 3562 660 3611; x_wconf 87' lang='lat' dir='ltr'><strong>ideo·</strong></span> <span class='ocrx_word' id='word_1_206' title='bbox 745 3560 911 3608; x_wconf 78' lang='lat' dir='ltr'><strong>intacironia</strong></span> <span class='ocrx_word' id='word_1_207' title='bbox 916 3559 1152 3621; x_wconf 80' lang='lat' dir='ltr'><strong>dissimulantiaque.</strong></span> <span class='ocrx_word' id='word_1_208' title='bbox 1165 3564 1247 3619; x_wconf 81' lang='lat' dir='ltr'><strong>Quum</strong></span> 
     </span>
     <span class='ocr_line' id='line_1_27' title="bbox 126 3636 1247 3703; baseline 0.001 -19"><span class='ocrx_word' id='word_1_209' title='bbox 126 3651 169 3697; x_wconf 89' lang='lat' dir='ltr'><strong>que</strong></span> <span class='ocrx_word' id='word_1_210' title='bbox 187 3638 245 3687; x_wconf 90' lang='lat' dir='ltr'><strong>addi</strong></span> <span class='ocrx_word' id='word_1_211' title='bbox 265 3640 348 3688; x_wconf 81' lang='lat' dir='ltr'><strong>voluit</strong></span> <span class='ocrx_word' id='word_1_212' title='bbox 367 3641 498 3703; x_wconf 64' lang='lat' dir='ltr'><strong>egregium.</strong></span> <span class='ocrx_word' id='word_1_213' title='bbox 540 3641 590 3689; x_wconf 87' lang='lat' dir='ltr'><strong>Sed</strong></span> <span class='ocrx_word' id='word_1_214' title='bbox 610 3656 661 3689; x_wconf 90' lang='lat' dir='ltr'><strong>non</strong></span> <span class='ocrx_word' id='word_1_215' title='bbox 710 3639 785 3687; x_wconf 92' lang='lat' dir='ltr'><strong>modo</strong></span> <span class='ocrx_word' id='word_1_216' title='bbox 799 3641 922 3687; x_wconf 83' lang='lat' dir='ltr'><strong>Graccum</strong></span> <span class='ocrx_word' id='word_1_217' title='bbox 936 3636 1086 3686; x_wconf 86' lang='lat' dir='ltr'><strong>vocabulum</strong></span> <span class='ocrx_word' id='word_1_218' title='bbox 1099 3638 1214 3686; x_wconf 84' lang='lat' dir='ltr'><strong>aFannio</strong></span> <span class='ocrx_word' id='word_1_219' title='bbox 1221 3639 1247 3686; x_wconf 92' lang='lat' dir='ltr'><strong>in</strong></span> 
     </span>
     <span class='ocr_line' id='line_1_28' title="bbox 125 3715 1247 3779; baseline 0.003 -17"><span class='ocrx_word' id='word_1_220' title='bbox 125 3717 309 3766; x_wconf 85' lang='lat' dir='ltr'><strong>concedendurn</strong></span> <span class='ocrx_word' id='word_1_221' title='bbox 330 3722 368 3765; x_wconf 82' lang='lat' dir='ltr'><strong>est</strong></span> <span class='ocrx_word' id='word_1_222' title='bbox 380 3720 492 3779; x_wconf 76' lang='lat' dir='ltr'><strong>eyrepiua</strong></span> <span class='ocrx_word' id='word_1_223' title='bbox 505 3720 532 3766; x_wconf 79' lang='lat' dir='ltr'><strong>tn</strong></span> <span class='ocrx_word' id='word_1_224' title='bbox 545 3720 660 3766; x_wconf 73' lang='lat' dir='ltr'><strong>discimu-</strong></span> <span class='ocrx_word' id='word_1_225' title='bbox 710 3715 840 3766; x_wconf 88' lang='lat' dir='ltr'><strong>annalibus</strong></span> <span class='ocrx_word' id='word_1_226' title='bbox 853 3717 883 3764; x_wconf 89' lang='lat' dir='ltr'><strong>de</strong></span> <span class='ocrx_word' id='word_1_227' title='bbox 895 3717 1012 3765; x_wconf 81' lang='lat' dir='ltr'><strong>Africano</strong></span> <span class='ocrx_word' id='word_1_228' title='bbox 1019 3720 1163 3778; x_wconf 84' lang='lat' dir='ltr'><strong>usurpatum</strong></span> <span class='ocrx_word' id='word_1_229' title='bbox 1171 3716 1247 3765; x_wconf 83' lang='lat' dir='ltr'><strong>dixis·</strong></span> 
     </span>
     <span class='ocr_line' id='line_1_29' title="bbox 127 3794 1246 3859; baseline 0.003 -20"><span class='ocrx_word' id='word_1_230' title='bbox 127 3794 210 3842; x_wconf 65' lang='lat' dir='ltr'><strong>lotione</strong></span> <span class='ocrx_word' id='word_1_231' title='bbox 224 3801 251 3845; x_wconf 87' lang='lat' dir='ltr'><strong>ut</strong></span> <span class='ocrx_word' id='word_1_232' title='bbox 262 3797 370 3845; x_wconf 87' lang='lat' dir='ltr'><strong>dicatur.</strong></span> <span class='ocrx_word' id='word_1_233' title='bbox 388 3796 529 3859; x_wconf 87' lang='lat' dir='ltr'><strong>Simplicior</strong></span> <span class='ocrx_word' id='word_1_234' title='bbox 540 3796 660 3845; x_wconf 84' lang='lat' dir='ltr'><strong>correctio</strong></span> <span class='ocrx_word' id='word_1_235' title='bbox 709 3800 747 3844; x_wconf 80' lang='lat' dir='ltr'><strong>set</strong></span> <span class='ocrx_word' id='word_1_236' title='bbox 755 3794 836 3859; x_wconf 83' lang='lat' dir='ltr'><strong>(conl.</strong></span> <span class='ocrx_word' id='word_1_237' title='bbox 845 3796 915 3842; x_wconf 86' lang='lat' dir='ltr'><strong>Brut.</strong></span> <span class='ocrx_word' id='word_1_238' title='bbox 924 3798 936 3852; x_wconf 83' lang='lat'>§</span> <span class='ocrx_word' id='word_1_239' title='bbox 944 3795 1001 3851; x_wconf 83' lang='lat'><strong>299,</strong></span> <span class='ocrx_word' id='word_1_240' title='bbox 1010 3794 1118 3842; x_wconf 87' lang='lat' dir='ltr'><strong>etAcad.</strong></span> <span class='ocrx_word' id='word_1_241' title='bbox 1128 3795 1162 3841; x_wconf 87' lang='lat' dir='ltr'><strong>ll.</strong></span> <span class='ocrx_word' id='word_1_242' title='bbox 1172 3798 1184 3853; x_wconf 68' lang='grc' dir='ltr'><strong>ξ</strong></span> <span class='ocrx_word' id='word_1_243' title='bbox 1194 3794 1246 3855; x_wconf 75' lang='lat'><strong>15),</strong></span> 
     </span>
     <span class='ocr_line' id='line_1_30' title="bbox 126 3870 1247 3936; baseline 0.002 -17"><span class='ocrx_word' id='word_1_244' title='bbox 126 3874 178 3930; x_wconf 84' lang='lat' dir='ltr'><strong>erit,</strong></span> <span class='ocrx_word' id='word_1_245' title='bbox 192 3874 211 3922; x_wconf 83' lang='lat' dir='ltr'><strong>si</strong></span> <span class='ocrx_word' id='word_1_246' title='bbox 219 3876 308 3935; x_wconf 62' lang='lat' dir='ltr'><strong>fistice</strong></span> <span class='ocrx_word' id='word_1_247' title='bbox 319 3874 347 3922; x_wconf 90' lang='lat' dir='ltr'><strong>in</strong></span> <span class='ocrx_word' id='word_1_248' title='bbox 354 3876 472 3936; x_wconf 76' lang='lat' dir='ltr'><strong>floruisse</strong></span> <span class='ocrx_word' id='word_1_249' title='bbox 484 3874 643 3923; x_wconf 84' lang='lat' dir='ltr'><strong>mutabimus.</strong></span> <span class='ocrx_word' id='word_1_250' title='bbox 708 3874 751 3922; x_wconf 82' lang='lat' dir='ltr'><strong>vix</strong></span> <span class='ocrx_word' id='word_1_251' title='bbox 771 3872 889 3921; x_wconf 85' lang='lat' dir='ltr'><strong>credibile</strong></span> <span class='ocrx_word' id='word_1_252' title='bbox 911 3876 948 3920; x_wconf 86' lang='lat' dir='ltr'><strong>est</strong></span> <span class='ocrx_word' id='word_1_253' title='bbox 967 3872 1062 3921; x_wconf 78' lang='lat' dir='ltr'><strong>ironice</strong></span> <span class='ocrx_word' id='word_1_254' title='bbox 1074 3870 1151 3921; x_wconf 86' lang='lat' dir='ltr'><strong>verbo</strong></span> <span class='ocrx_word' id='word_1_255' title='bbox 1166 3872 1247 3934; x_wconf 88' lang='lat' dir='ltr'><strong>ipsum</strong></span> 
     </span>
     <span class='ocr_line' id='line_1_31' title="bbox 156 3946 1247 4014; baseline 0.001 -16"><span class='ocrx_word' id='word_1_256' title='bbox 156 3950 279 4000; x_wconf 80' lang='lat' dir='ltr'><strong>Socratem</strong></span> <span class='ocrx_word' id='word_1_257' title='bbox 292 3954 414 4014; x_wconf 73' lang='lat' dir='ltr'><strong>[opinor]⁸</strong></span> <span class='ocrx_word' id='word_1_258' title='bbox 433 3951 482 4001; x_wconf 92' lang='lat' dir='ltr'><strong>Ubi</strong></span> <span class='ocrx_word' id='word_1_259' title='bbox 490 3952 550 4014; x_wconf 85' lang='lat' dir='ltr'><strong>quid</strong></span> <span class='ocrx_word' id='word_1_260' title='bbox 557 3952 660 4001; x_wconf 69' lang='lat' dir='ltr'><strong>extima</strong></span> <span class='ocrx_word' id='word_1_261' title='bbox 709 3946 841 4001; x_wconf 81' lang='lat' dir='ltr'><strong>Caesarem</strong></span> <span class='ocrx_word' id='word_1_262' title='bbox 861 3965 933 3998; x_wconf 82' lang='lat' dir='ltr'><strong>usum</strong></span> <span class='ocrx_word' id='word_1_263' title='bbox 948 3964 1015 4008; x_wconf 85' lang='lat' dir='ltr'><strong>esse,</strong></span> <span class='ocrx_word' id='word_1_264' title='bbox 1031 3964 1080 4010; x_wconf 90' lang='lat' dir='ltr'><strong>quo</strong></span> <span class='ocrx_word' id='word_1_265' title='bbox 1095 3949 1182 3999; x_wconf 86' lang='lat' dir='ltr'><strong>Cicero</strong></span> <span class='ocrx_word' id='word_1_266' title='bbox 1195 3965 1247 3999; x_wconf 91' lang='lat' dir='ltr'><strong>non</strong></span> 
     </span>
     <span class='ocr_line' id='line_1_32' title="bbox 125 4028 1245 4095; baseline -0.002 -18"><span class='ocrx_word' id='word_1_267' title='bbox 125 4029 225 4078; x_wconf 80' lang='lat' dir='ltr'><strong>traditur</strong></span> <span class='ocrx_word' id='word_1_268' title='bbox 233 4029 278 4095; x_wconf 80' lang='lat' dir='ltr'><strong>(ut</strong></span> <span class='ocrx_word' id='word_1_269' title='bbox 291 4032 310 4077; x_wconf 80' lang='lat' dir='ltr'><strong>ii</strong></span> <span class='ocrx_word' id='word_1_270' title='bbox 317 4030 436 4095; x_wconf 77' lang='lat' dir='ltr'><strong>seruat),</strong></span> <span class='ocrx_word' id='word_1_271' title='bbox 449 4032 615 4094; x_wconf 85' lang='lat' dir='ltr'><strong>incongruum</strong></span> <span class='ocrx_word' id='word_1_272' title='bbox 623 4036 661 4079; x_wconf 84' lang='lat' dir='ltr'><strong>eat</strong></span> <span class='ocrx_word' id='word_1_273' title='bbox 708 4029 755 4077; x_wconf 88' lang='lat' dir='ltr'><strong>nisi</strong></span> <span class='ocrx_word' id='word_1_274' title='bbox 767 4029 793 4077; x_wconf 89' lang='lat' dir='ltr'><strong>in</strong></span> <span class='ocrx_word' id='word_1_275' title='bbox 806 4029 835 4076; x_wconf 88' lang='lat' dir='ltr'><strong>iis</strong></span> <span class='ocrx_word' id='word_1_276' title='bbox 849 4042 907 4076; x_wconf 80' lang='lat' dir='ltr'><strong>usus</strong></span> <span class='ocrx_word' id='word_1_277' title='bbox 921 4036 970 4085; x_wconf 86' lang='lat' dir='ltr'><strong>est,</strong></span> <span class='ocrx_word' id='word_1_278' title='bbox 985 4028 1245 4091; x_wconf 80' lang='lat' dir='ltr'><strong>quaediupostscrip·</strong></span> 
     </span>
     <span class='ocr_line' id='line_1_33' title="bbox 125 4105 1311 4172; baseline 0.001 -18"><span class='ocrx_word' id='word_1_279' title='bbox 125 4108 234 4165; x_wconf 64' lang='lat' dir='ltr'><strong>minandi</strong></span> <span class='ocrx_word' id='word_1_280' title='bbox 247 4107 364 4156; x_wconf 87' lang='lat' dir='ltr'><strong>verbum.</strong></span> <span class='ocrx_word' id='word_1_281' title='bbox 390 4109 570 4170; x_wconf 84' lang='lat' dir='ltr'><strong>Interpolatum</strong></span> <span class='ocrx_word' id='word_1_282' title='bbox 584 4109 660 4157; x_wconf 88' lang='lat' dir='ltr'><strong>credo</strong></span> <span class='ocrx_word' id='word_1_283' title='bbox 708 4107 779 4170; x_wconf 75' lang='lat' dir='ltr'><strong>citet</strong></span> <span class='ocrx_word' id='word_1_284' title='bbox 792 4105 880 4153; x_wconf 87' lang='lat' dir='ltr'><strong>edidit:</strong></span> <span class='ocrx_word' id='word_1_285' title='bbox 896 4105 962 4153; x_wconf 84' lang='lat' dir='ltr'><strong>conf.</strong></span> <span class='ocrx_word' id='word_1_286' title='bbox 975 4106 1082 4153; x_wconf 78' lang='lat' dir='ltr'><strong>ludices.</strong></span> <span class='ocrx_word' id='word_1_287' title='bbox 1101 4106 1245 4167; x_wconf 88' lang='lat' dir='ltr'><strong>Hincprae-</strong></span> <span class='ocrx_word' id='word_1_288' title='bbox 1308 4164 1311 4172; x_wconf 65' lang='lat'><strong>,</strong></span> 
     </span>
     <span class='ocr_line' id='line_1_34' title="bbox 125 4181 1246 4249; baseline -0.003 -14"><span class='ocrx_word' id='word_1_289' title='bbox 125 4184 212 4243; x_wconf 77' lang='lat' dir='ltr'><strong>opinor,</strong></span> <span class='ocrx_word' id='word_1_290' title='bbox 226 4192 257 4235; x_wconf 86' lang='lat' dir='ltr'><strong>ut</strong></span> <span class='ocrx_word' id='word_1_291' title='bbox 269 4186 566 4249; x_wconf 62' lang='lat' dir='ltr'><strong>constructioponstaret,</strong></span> <span class='ocrx_word' id='word_1_292' title='bbox 581 4185 612 4234; x_wconf 87' lang='lat' dir='ltr'><strong>ab</strong></span> <span class='ocrx_word' id='word_1_293' title='bbox 619 4200 658 4244; x_wconf 88' lang='lat' dir='ltr'><strong>eo,</strong></span> <span class='ocrx_word' id='word_1_294' title='bbox 708 4183 790 4241; x_wconf 79' lang='lat' dir='ltr'><strong>stabit,</strong></span> <span class='ocrx_word' id='word_1_295' title='bbox 804 4183 848 4231; x_wconf 91' lang='lat' dir='ltr'><strong>illo</strong></span> <span class='ocrx_word' id='word_1_296' title='bbox 862 4181 941 4231; x_wconf 85' lang='lat' dir='ltr'><strong>verbo</strong></span> <span class='ocrx_word' id='word_1_297' title='bbox 955 4182 1060 4241; x_wconf 76' lang='lat' dir='ltr'><strong>abiecto,</strong></span> <span class='ocrx_word' id='word_1_298' title='bbox 1076 4184 1159 4246; x_wconf 81' lang='lat' dir='ltr'><strong>legere</strong></span> <span class='ocrx_word' id='word_1_299' title='bbox 1167 4182 1194 4231; x_wconf 84' lang='lat' dir='ltr'><strong>in</strong></span> <span class='ocrx_word' id='word_1_300' title='bbox 1200 4184 1246 4232; x_wconf 81' lang='lat' dir='ltr'><strong>tur</strong></span> 
     </span>
     <span class='ocr_line' id='line_1_35' title="bbox 125 4261 1244 4323; baseline 0.001 -14"><span class='ocrx_word' id='word_1_301' title='bbox 125 4262 161 4321; x_wconf 87' lang='lat' dir='ltr'><strong>qui</strong></span> <span class='ocrx_word' id='word_1_302' title='bbox 175 4278 224 4313; x_wconf 89' lang='lat' dir='ltr'><strong>non</strong></span> <span class='ocrx_word' id='word_1_303' title='bbox 237 4268 346 4322; x_wconf 85' lang='lat' dir='ltr'><strong>teneret,</strong></span> <span class='ocrx_word' id='word_1_304' title='bbox 363 4264 537 4313; x_wconf 83' lang='lat' dir='ltr'><strong>Accusativum</strong></span> <span class='ocrx_word' id='word_1_305' title='bbox 550 4265 659 4312; x_wconf 87' lang='lat' dir='ltr'><strong>cumIn-</strong></span> <span class='ocrx_word' id='word_1_306' title='bbox 708 4261 907 4317; x_wconf 63' lang='lat' dir='ltr'><strong>dissimulanda,</strong></span> <span class='ocrx_word' id='word_1_307' title='bbox 929 4276 992 4322; x_wconf 87' lang='lat' dir='ltr'><strong>quae</strong></span> <span class='ocrx_word' id='word_1_308' title='bbox 1005 4261 1058 4322; x_wconf 79' lang='lat' dir='ltr'><strong>ipsa</strong></span> <span class='ocrx_word' id='word_1_309' title='bbox 1072 4266 1110 4309; x_wconf 75' lang='lat' dir='ltr'><strong>ent</strong></span> <span class='ocrx_word' id='word_1_310' title='bbox 1122 4262 1244 4323; x_wconf 86' lang='lat' dir='ltr'><strong>interpre-</strong></span> 
     </span>
     <span class='ocr_line' id='line_1_36' title="bbox 125 4338 1245 4404; baseline 0 -17"><span class='ocrx_word' id='word_1_311' title='bbox 125 4339 212 4389; x_wconf 84' lang='lat' dir='ltr'><strong>smitiro</strong></span> <span class='ocrx_word' id='word_1_312' title='bbox 232 4356 382 4403; x_wconf 81' lang='lat' dir='ltr'><strong>suspensum</strong></span> <span class='ocrx_word' id='word_1_313' title='bbox 403 4356 456 4391; x_wconf 84' lang='lat' dir='ltr'><strong>esse</strong></span> <span class='ocrx_word' id='word_1_314' title='bbox 469 4341 501 4389; x_wconf 88' lang='lat' dir='ltr'><strong>ab</strong></span> <span class='ocrx_word' id='word_1_315' title='bbox 514 4342 659 4404; x_wconf 86' lang='lat' dir='ltr'><strong>interposito</strong></span> <span class='ocrx_word' id='word_1_316' title='bbox 706 4341 767 4389; x_wconf 84' lang='lat' dir='ltr'><strong>tatio</strong></span> <span class='ocrx_word' id='word_1_317' title='bbox 781 4340 870 4389; x_wconf 81' lang='lat' dir='ltr'><strong>Graeci</strong></span> <span class='ocrx_word' id='word_1_318' title='bbox 881 4338 960 4388; x_wconf 84' lang='lat' dir='ltr'><strong>verbi.</strong></span> <span class='ocrx_word' id='word_1_319' title='bbox 980 4340 1028 4387; x_wconf 84' lang='lat' dir='ltr'><strong>Sed</strong></span> <span class='ocrx_word' id='word_1_320' title='bbox 1039 4339 1096 4387; x_wconf 83' lang='lat' dir='ltr'><strong>satis</strong></span> <span class='ocrx_word' id='word_1_321' title='bbox 1104 4344 1245 4395; x_wconf 84' lang='lat' dir='ltr'><strong>constanter</strong></span> 
     </span>
     <span class='ocr_line' id='line_1_37' title="bbox 124 4417 1186 4481; baseline 0.001 -17"><span class='ocrx_word' id='word_1_322' title='bbox 124 4420 151 4464; x_wconf 85' lang='lat' dir='ltr'><strong>ut</strong></span> <span class='ocrx_word' id='word_1_323' title='bbox 163 4418 275 4478; x_wconf 63' lang='lat' dir='ltr'><strong>soant.-</strong></span> <span class='ocrx_word' id='word_1_324' title='bbox 307 4420 339 4467; x_wconf 86' lang='lat' dir='ltr'><strong>de</strong></span> <span class='ocrx_word' id='word_1_325' title='bbox 364 4434 412 4481; x_wconf 88' lang='lat' dir='ltr'><strong>qua</strong></span> <span class='ocrx_word' id='word_1_326' title='bbox 431 4420 527 4469; x_wconf 84' lang='lat' dir='ltr'><strong>ratione</strong></span> <span class='ocrx_word' id='word_1_327' title='bbox 546 4419 659 4469; x_wconf 83' lang='lat' dir='ltr'><strong>annotari</strong></span> <span class='ocrx_word' id='word_1_328' title='bbox 708 4419 772 4467; x_wconf 82' lang='lat' dir='ltr'><strong>solet</strong></span> <span class='ocrx_word' id='word_1_329' title='bbox 788 4432 843 4465; x_wconf 83' lang='lat' dir='ltr'><strong>cam</strong></span> <span class='ocrx_word' id='word_1_330' title='bbox 856 4417 1074 4465; x_wconf 77' lang='lat' dir='ltr'><strong>dissimulationem</strong></span> <span class='ocrx_word' id='word_1_331' title='bbox 1087 4430 1186 4465; x_wconf 84' lang='lat' dir='ltr'><strong>vocare.</strong></span> 
     </span>
     <span class='ocr_line' id='line_1_38' title="bbox 116 4482 1243 4566; baseline 0.001 -24"><span class='ocrx_word' id='word_1_332' title='bbox 116 4482 182 4544; x_wconf 69' lang='lat' dir='ltr'><strong>&#39;iolet</strong></span> <span class='ocrx_word' id='word_1_333' title='bbox 201 4498 233 4545; x_wconf 85' lang='lat' dir='ltr'><strong>ad</strong></span> <span class='ocrx_word' id='word_1_334' title='bbox 253 4497 300 4545; x_wconf 89' lang='lat' dir='ltr'><strong>illa</strong></span> <span class='ocrx_word' id='word_1_335' title='bbox 314 4498 387 4547; x_wconf 86' lang='lat' dir='ltr'><strong>Offic.</strong></span> <span class='ocrx_word' id='word_1_336' title='bbox 401 4499 423 4546; x_wconf 92' lang='lat' dir='ltr'><strong>l.</strong></span> <span class='ocrx_word' id='word_1_337' title='bbox 438 4503 451 4557; x_wconf 65' lang='grc' dir='ltr'><strong>ξ</strong></span> <span class='ocrx_word' id='word_1_338' title='bbox 465 4501 512 4556; x_wconf 83' lang='grc'><strong>22,</strong></span> <span class='ocrx_word' id='word_1_339' title='bbox 527 4500 615 4559; x_wconf 84' lang='lat' dir='ltr'><strong>atque,</strong></span> <span class='ocrx_word' id='word_1_340' title='bbox 630 4498 659 4547; x_wconf 81' lang='lat' dir='ltr'><strong>ut</strong></span> <span class='ocrx_word' id='word_1_341' title='bbox 742 4500 842 4558; x_wconf 79' lang='lat' dir='ltr'><strong>tumque</strong></span> <span class='ocrx_word' id='word_1_342' title='bbox 848 4497 966 4544; x_wconf 80' lang='lat' dir='ltr'><strong>oratoriis</strong></span> <span class='ocrx_word' id='word_1_343' title='bbox 972 4523 1017 4566; x_wconf 46' lang='lat'><strong>-3</strong></span> <span class='ocrx_word' id='word_1_344' title='bbox 1029 4495 1068 4544; x_wconf 89' lang='lat' dir='ltr'><strong>Sic</strong></span> <span class='ocrx_word' id='word_1_345' title='bbox 1076 4495 1132 4543; x_wconf 89' lang='lat' dir='ltr'><strong>dedi</strong></span> <span class='ocrx_word' id='word_1_346' title='bbox 1140 4496 1171 4545; x_wconf 90' lang='lat' dir='ltr'><strong>de</strong></span> <span class='ocrx_word' id='word_1_347' title='bbox 1179 4509 1243 4552; x_wconf 86' lang='lat' dir='ltr'><strong>meo,</strong></span> 
     </span>
     <span class='ocr_line' id='line_1_39' title="bbox 120 4572 1243 4637; baseline -0.001 -16"><span class='ocrx_word' id='word_1_348' title='bbox 120 4574 199 4631; x_wconf 73' lang='lat' dir='ltr'><strong>placet</strong></span> <span class='ocrx_word' id='word_1_349' title='bbox 213 4574 320 4633; x_wconf 77' lang='lat' dir='ltr'><strong>Stoicis,</strong></span> <span class='ocrx_word' id='word_1_350' title='bbox 335 4604 368 4611; x_wconf 90' lang='lat'>—</span> <span class='ocrx_word' id='word_1_351' title='bbox 382 4578 470 4623; x_wconf 70' lang='lat' dir='ltr'><strong>creari</strong></span> <span class='ocrx_word' id='word_1_352' title='bbox 707 4590 803 4637; x_wconf 87' lang='lat' dir='ltr'><strong>proco,</strong></span> <span class='ocrx_word' id='word_1_353' title='bbox 819 4572 1106 4636; x_wconf 78' lang='lat' dir='ltr'><strong>quodclibrisedisotet,</strong></span> <span class='ocrx_word' id='word_1_354' title='bbox 1115 4588 1243 4637; x_wconf 83' lang='lat' dir='ltr'><strong>quumque.</strong></span> 
     </span>
    </p>
   </div>
   <div class='ocr_carea' id='block_1_5' title="bbox 0 0 1626 5500">
    <p class='ocr_par' dir='ltr' id='par_1_5' title="bbox 0 0 1626 5500">
     <span class='ocr_line' id='line_1_40' title="bbox 0 0 1626 5500; baseline 0 2"><span class='ocrx_word' id='word_1_355' title='bbox 0 0 1626 5500; x_wconf 95' lang='lat' dir='ltr'><strong> </strong></span> 
     </span>
    </p>
   </div>
  </div>
 </body>
</html>
