3242 5500
410 521 480 593 170
722 545 835 595 ursus
861 545 1064 597 sncunnus.
1094 531 1111 612 §
1139 530 1219 601 120.

406 717 613 814 gitationem
638 742 708 789 uon
738 717 870 790 habent
899 718 1096 806 difficilem,
1123 721 1391 816 explicationem
1414 727 1509 820 magis

406 827 579 899 illustrem
603 827 883 922 perpolitamque
908 828 1119 902 desiderant.
1157 831 1300 927 ltaque,
1319 847 1428 928 quum
1439 834 1509 907 haec

405 937 476 1008 duo
489 935 591 1008 nobis
603 937 802 1032 quaerenda
812 937 882 1008 sint
892 937 927 1009 in
938 938 1064 1024 causis,
1082 939 1249 1035 primum,
1268 942 1367 1037 quid,
1385 943 1507 1031 deinde,

404 1071 475 1141 quo
499 1045 604 1117 modo
628 1045 805 1132 dicamus,
832 1047 1001 1133 alterum,
1029 1048 1124 1142 quod
1148 1057 1263 1122 totum
1288 1059 1363 1124 arte
1374 1052 1507 1125 tinctum

403 1153 561 1241 videtur,
587 1156 726 1227 tametsi
749 1162 861 1228 artem
886 1157 1053 1253 requirit,
1083 1165 1201 1230 tamen
1231 1160 1437 1254 prudentiae
1464 1170 1507 1234 est

403 1289 514 1361 paene
532 1265 734 1352 mediocria,
755 1265 1042 1361 quiddicendum
1057 1267 1113 1353 sit,
1134 1268 1267 1341 videre:
1292 1271 1438 1342 alterum
1449 1280 1505 1357 cst,

401 1376 437 1447 in
473 1401 543 1472 quo
579 1376 723 1447 oratoris
754 1376 805 1446 vis
826 1375 886 1447 illa
911 1375 1030 1448 divina
1051 1377 1233 1473 virtusque
1261 1382 1433 1466 cernitur,
1457 1405 1505 1466 ea,

401 1509 490 1580 quae
523 1484 671 1557 dicenda
705 1495 807 1572 sunt,
846 1495 987 1572 ornate,
1013 1487 1172 1583 copiose,
1206 1489 1371 1584 varieque
1394 1489 1504 1561 dicere.

450 1596 532 1670 Qua
553 1619 591 1666 re
614 1594 712 1666 illam
735 1601 872 1689 partem
896 1595 1126 1690 superiorem,
1153 1597 1320 1692 quoniam
1346 1599 1450 1671 semel
1468 1599 1506 1670 ita

327 1709 374 1779 28
399 1704 496 1776 vobis
524 1704 674 1799 placuit,
705 1728 776 1775 non
803 1703 991 1790 recusab0,
1018 1728 1088 1800 quo
1112 1705 1231 1777 minus
1253 1707 1444 1802 perpoliam
1463 1715 1505 1778 at·

329 1835 373 1882 im
399 1838 468 1909 que
480 1813 738 1898 conficiam,—-
754 1821 928 1908 quantum
940 1837 1148 1909 consequar,
1167 1839 1227 1887 vos
1240 1815 1455 1903 iudicabitis,
1468 1856 1507 1867 —

399 1923 529 2019 quibus
558 1947 602 1994 ex
629 1923 714 1995 locis
741 1921 787 1994 ad
812 1945 869 1993 eas
891 1929 961 1994 tres
981 1946 1055 2008 rea,
1082 1947 1172 2018 quae
1194 1924 1240 1996 ad
1258 1924 1366 1998 fidem
1391 1926 1504 1999 iacien-

397 2032 479 2104 dam
515 2032 608 2104 solae
643 2032 780 2118 valent,
818 2031 966 2104 ducatur
990 2031 1121 2118 oratio,
1156 2040 1197 2104 ut
1225 2041 1259 2104 et
1291 2035 1506 2107 concilientm

396 2143 518 2228 animi,
544 2149 578 2213 et
602 2141 810 2226 doceantur,
838 2147 873 2212 et
890 2149 1107 2214 moveantur:
1135 2137 1236 2237 [haec
1248 2150 1333 2215 sunt
1345 2144 1440 2216 enim
1450 2143 1506 2216 tria

396 2246 575 2346 numer03]
613 2275 654 2322 ea
683 2274 764 2322 vero
786 2249 1083 2345 quemadmodum
1107 2251 1349 2338 illustrentur,
1380 2259 1504 2348 praesto

395 2369 467 2449 est,
506 2361 568 2457 qui
599 2383 721 2430 omnes
751 2358 874 2430 docere
897 2359 1026 2454 possit,
1053 2361 1115 2454 qui
1140 2359 1205 2433 hoe
1230 2362 1366 2456 primus
1388 2362 1426 2433 in
1449 2386 1502 2433 no·

394 2478 484 2543 stros
507 2493 621 2542 mores
645 2468 807 2555 induxit,
835 2469 897 2563 qui
921 2469 1072 2540 maxime
1096 2469 1214 2555 auxit,
1241 2470 1304 2565 qui
1325 2471 1420 2544 solus
1433 2471 1503 2542 effe·

321 2604 367 2651 rau
392 2581 450 2653 cit.
501 2580 664 2674 Namque
693 2602 779 2673 eg0,
812 2577 956 2663 Catule,
991 2578 1120 2665 (dicam
1142 2578 1237 2650 enim
1261 2602 1333 2652 non
1355 2603 1503 2652 reverens

389 2932 421 2979 ad
436 2935 448 2990 §
464 2932 508 2988 85,
527 2943 608 2990 neque
621 2926 781 2984 nuncvidea
795 2926 926 2988 quomodo

389 3010 421 3058 sit
435 3008 618 3071 corrigendum.

425 3088 480 3133 l2l.
501 3087 573 3147 [iaec
584 3087 644 3131 suut
657 3084 721 3131 euim
735 3084 787 3129 tria
800 3083 924 3144 uumeroJ.

389 3164 488 3214 Puerile
506 3162 629 3212 emblema
641 3167 709 3210 recte
723 3160 845 3209 obiicitur.

422 3244 464 3305 qui
481 3243 525 3291 boe
533 3243 633 3302 primus
645 3242 672 3288 iu
685 3243 782 3288 uestros
794 3254 874 3287 morea
886 3240 925 3288 iu·

388 3322 472 3369 duait.
507 3324 663 3380 Quamquam
683 3318 788 3379 repudio
801 3318 843 3377 id,
858 3318 925 3379 quod

387 3400 448 3449 olim
459 3397 626 3463 corrigebam,
638 3398 770 3445 iuuoatrue
776 3410 857 3454 cures,
874 3412 924 3446 non

386 3483 470 3527 tamen
489 3476 645 3540 probandum
665 3475 725 3523 mihi
744 3475 843 3523 videtur
860 3475 922 3534 boc,

387 3562 416 3605 ut
435 3558 537 3606 Crassus
554 3557 650 3603 dicatur
663 3555 707 3602 illa
719 3553 837 3602 orationis
850 3568 923 3602 orna-

386 3640 471 3684 menta
483 3638 511 3683 iu
523 3636 687 3683 Rouiuuorum
700 3630 922 3690 moreaiuduuisae,

386 3715 455 3774 quod
467 3714 573 3762 multum
588 3713 712 3761 diversum
720 3716 757 3759 est
763 3709 794 3758 ab
802 3725 841 3768 eo,
857 3711 923 3772 quod

385 3792 459 3850 infra,
475 3796 487 3849 ξ
503 3792 560 3850 337,
575 3791 673 3848 dicitur,
686 3804 764 3852 genus
775 3790 874 3837 dicendi
881 3804 922 3837 ac-

386 3871 594 3919 commodandum
615 3882 667 3917 esse
684 3870 792 3916 mombar
805 3868 922 3916 ciuitatis.

387 3948 556 4011 Intelligerem
583 3948 632 3994 boc
658 3946 790 4007 scriptum:
817 3948 859 4008 qui
879 3947 923 3993 boc

380 4028 512 4089 primaria
519 4029 616 4073 nostroe
621 4038 706 4071 seuam
712 4024 822 4072 inducit.
833 4026 921 4085 Supra,

387 4112 399 4167 ξ
421 4109 465 4163 53,
486 4104 556 4153 modo
575 4104 623 4152 buc
634 4107 694 4151 suut
705 4104 756 4150 iata
768 4103 920 4163 importata:

385 4191 411 4235 et
424 4187 474 4234 Ill.
489 4190 502 4244 ξ
516 4185 562 4242 30,
577 4184 667 4232 Caesar
680 4182 769 4231 dicitur
782 4194 868 4229 uorum
882 4181 921 4235 di·

384 4265 454 4313 crudi
465 4278 543 4325 genua
555 4262 692 4310 induciare.

419 4346 475 4391 122.
493 4356 596 4403 numque
610 4354 663 4401 epe,
682 4340 768 4387 Catule
780 4366 823 4384 -.
838 4339 919 4386 Locus

384 4421 424 4470 bic
438 4427 463 4471 et
472 4419 687 4483 interpungendo,
702 4417 918 4478 etinterpretando

383 4502 536 4549 adiuvandus
544 4504 604 4548 erat.
623 4496 784 4557 Perspicuum
791 4508 845 4543 esse
853 4493 917 4542 arbi·

382 4584 434 4627 tror
461 4579 524 4627 nihil
549 4577 617 4627 aliud
636 4575 744 4624 voluisse
764 4573 916 4631 Antonium,

975 2940 1048 2987 quam
1068 2931 1097 2975 ut
1110 2928 1267 2976 confirmaret
1279 2928 1377 2989 plenius
1390 2928 1432 2988 id,
1446 2927 1503 2989 qnod

974 3006 1049 3053 modo
1069 3005 1176 3061 dixerat,
1200 3006 1315 3055 Crassum
1330 3009 1410 3055 solum
1424 3020 1501 3055 eonse-

974 3088 1058 3131 cutum
1073 3098 1125 3131 esse
1138 3083 1193 3131 illas
1207 3082 1305 3131 dicendi
1319 3086 1446 3146 primarias
1458 3084 1501 3131 vir-

973 3166 1051 3219 tutes,
1066 3176 1147 3224 neque
1161 3161 1207 3210 nisi
1219 3161 1267 3211 hoc
1281 3168 1396 3224 spectans
1409 3177 1502 3213 necesse

961 3237 1081 3294 vhabebat
1100 3242 1179 3289 ullam
1195 3240 1338 3289 aseeutuudi
1351 3242 1502 3303 suspiciouuu

973 3316 1052 3366 uereri
1072 3318 1223 3382 (necessario
1248 3319 1315 3366 enim
1336 3320 1442 3382 simplex
1459 3318 1502 3367 hoc

971 3395 1076 3444 verbum
1092 3395 1290 3445 substituendum
1304 3403 1342 3447 est
1354 3399 1455 3461 vulgato
1468 3412 1504 3445 re·

972 3473 1074 3539 cereri).
1109 3476 1175 3533 Quid
1195 3480 1294 3535 autem,
1315 3476 1342 3524 in
1354 3479 1456 3539 vulgata
1468 3475 1502 3523 in·

971 3553 1162 3615 terpunctione‚
1184 3552 1313 3603 subiicitur
1327 3555 1393 3614 istis,
1408 3568 1504 3617 mmque

974 3634 1034 3693 epo?
1048 3632 1105 3689 boc,
1114 3632 1431 3692 nemiuemeaaeoratorem,
1440 3647 1504 3695 quem

971 3710 1503 3773 ueuuudierim,quapraedicationeminime

971 3791 1147 3838 confirmantur
1162 3790 1345 3839 Crassilaudes.
1364 3793 1415 3840 Has
1426 3796 1503 3839 autem

971 3882 1047 3929 quum
1066 3868 1136 3916 initio
1156 3867 1295 3931 cogitabat,
1314 3869 1395 3917 statim
1410 3869 1504 3917 dimittit

971 3946 1126 4003 sententiam,
1140 3951 1203 3994 ntea
1211 3954 1351 4008 praeparet,
1364 3949 1504 4009 quaetidem

970 4025 1104 4073 concilient
1117 4029 1142 4073 et
1153 4026 1368 4091 aqctoritatemiis,
1384 4041 1447 4087 quae
1455 4027 1503 4073 dic·

969 4108 1039 4151 turus
1059 4107 1119 4151 erat.
1154 4106 1223 4152 Haec
1247 4104 1367 4167 digressio
1386 4105 1505 4168 incipite

968 4179 1051 4230 verbis
1058 4182 1138 4229 dicam
1145 4183 1223 4240 euim,
1235 4184 1392 4244 pertinetque
1399 4184 1503 4245 primum

968 4274 1046 4320 usque
1060 4260 1091 4307 ad
1105 4258 1236 4324 diligenter
1247 4262 1384 4309 audierim:
1398 4261 1503 4309 tumite·

968 4352 1023 4385 rum
1050 4338 1151 4385 inchoat
1177 4338 1325 4387 sententiam
1349 4340 1504 4402 primariam,

967 4414 1050 4464 verbis
1064 4416 1161 4477 itaque,
1175 4418 1198 4463 ei
1213 4416 1273 4479 quid
1285 4418 1324 4465 eat
1338 4420 1364 4465 iu
1377 4432 1428 4476 me,
1444 4430 1503 4478 quae

967 4508 1051 4542 rursus
1071 4493 1224 4557 abrumpitur
1241 4495 1390 4557 interpositis
1404 4495 1504 4557 reliquis

966 4573 1089 4634 usquead
1103 4572 1179 4621 verba
1186 4574 1290 4634 penitus
1297 4574 1425 4623 insederit.
1458 4575 1503 4623 Pc-
