3242 5500
398 508 469 576 304
672 596 674 602 Ι
740 523 852 573 crana
879 524 1049 573 ananius.
1079 508 1095 588 §
1122 506 1180 575 69.

395 697 574 771 communi
608 697 819 793 sapientium
856 696 940 789 iugo
973 703 1056 767 sunt
1086 696 1324 769 doctrinarum
1349 700 1444 770 iacta
1465 700 1513 769 di·

397 808 506 879 vortia
564 800 621 901 [ut
657 803 859 902 philosophi
904 813 1085 899 tamquam
1132 806 1169 877 in
1220 831 1391 902 superum
1426 833 1512 880 mare

396 916 537 987 lonium
574 915 788 1000 defluerent,
830 915 1003 986 Graecum
1028 914 1206 1009 quoddam
1232 924 1267 988 et
1289 925 1511 1011 portuosum,
1602 1011 1604 1014 Ι

396 1034 549 1097 oratores
582 1033 701 1096 antem
737 1025 774 1095 in
809 1023 961 1096 inferum
985 1022 1050 1095 hoc
1076 1023 1231 1096 Tuscum
1256 1034 1290 1097 et
1312 1025 1510 1111 barbarum,

397 1134 621 1230 scopulosum
655 1142 761 1229 atque
794 1132 982 1217 infestum,
1009 1131 1230 1219 laberentur,
1256 1133 1293 1205 in
1319 1160 1392 1230 quo
1417 1137 1512 1208 etiam

341 1229 372 1277 ⁷⁰
398 1251 472 1345 ipse
500 1242 644 1338 Ulysses
668 1237 845 1336 errasset}
886 1237 1018 1332 Quare,
1044 1242 1076 1314 si
1100 1241 1164 1313 hac
1190 1242 1391 1339 eloquentia
1415 1254 1512 1341 atque

346 1428 361 1444 ¹
397 1348 462 1418 hoc
486 1361 618 1425 oratore
640 1352 800 1443 contenti
825 1375 968 1437 sumus,
996 1352 1057 1445 qui
1083 1352 1167 1424 sciat
1190 1359 1249 1423 aut
1272 1377 1403 1449 negare
1419 1380 1510 1451 opor·

395 1476 488 1548 tere,
515 1462 610 1559 quod
635 1485 802 1556 arguare,
830 1468 912 1546 aut,
939 1460 969 1532 si
994 1460 1032 1531 id
1055 1485 1126 1533 non
1151 1462 1280 1557 possit,
1306 1470 1386 1535 tum
1402 1472 1510 1536 osten·

396 1573 500 1657 dere,
539 1571 634 1666 quod
658 1572 687 1642 is
714 1570 856 1655 fecerit,
888 1571 951 1665 qui
973 1570 1200 1642 insimuletur
1212 1600 1223 1656 ,·
1247 1579 1310 1643 aut
1334 1581 1427 1644 recte
1449 1574 1511 1644 fac·

396 1691 493 1767 tum,
520 1688 581 1752 aut
605 1680 748 1752 alterius
773 1680 897 1775 culpa,
921 1687 982 1751 aut
1005 1680 1154 1765 iniuria,
1180 1689 1241 1752 aut
1266 1682 1431 1777 exlege,
1455 1691 1510 1753 ant

396 1814 467 1862 non
499 1796 620 1862 contra
656 1788 791 1883 legem,
829 1796 891 1859 aut
925 1788 1182 1884 imprudentia,
1221 1797 1282 1862 aut
1303 1792 1508 1875 necessario,

395 1907 455 1971 aut
488 1923 558 1969 non
590 1922 631 1969 eo
665 1897 808 1969 nomine
845 1897 1109 1992 usurpandum,
1148 1923 1218 1994 quo
1242 1908 1430 1995 arguatur,
1452 1909 1508 1971 aut

395 2033 465 2080 non
500 2008 551 2080 ita
585 2007 663 2102 agi,
699 2014 738 2077 ut
762 2004 924 2078 debuerit
946 2031 986 2078 ac
1011 2007 1167 2092 licuerit;
1195 2017 1249 2094 et,
1278 2010 1308 2080 si
1333 2010 1418 2082 satis
1440 2034 1507 2081 esse

395 2118 549 2213 putatia,
587 2140 647 2201 ea,
674 2140 764 2211 quae
787 2116 845 2187 isti
870 2116 1053 2211 scriptores
1077 2116 1160 2187 artis
1185 2117 1332 2204 docent,
1363 2119 1504 2205 discere,

395 2250 484 2325 quae
520 2226 632 2297 multo
669 2233 785 2297 tamen
823 2226 1001 2311 ornatius,
1036 2250 1143 2317 quam
1164 2226 1210 2298 ab
1234 2227 1305 2299 illis
1329 2228 1504 2312 dicuntur,

396 2344 430 2408 et
466 2334 609 2407 uberius
643 2333 828 2429 explicavit
864 2334 1063 2420 Antonius;
1103 2335 1185 2422 sed,
1223 2336 1253 2407 si
1283 2336 1339 2409 his
1363 2337 1503 2409 contenti

395 2445 499 2542 estis,
537 2452 644 2539 atque
678 2445 721 2515 iis
758 2444 884 2530 etiam,
923 2468 1012 2540 quae
1047 2443 1117 2515 dici
1145 2445 1304 2518 voluistis
1327 2472 1348 2518 a
1371 2472 1443 2532 me,
1466 2472 1503 2517 ex

396 2554 532 2649 ingenti
567 2554 720 2650 quodam
754 2561 926 2625 oratorem
961 2554 1203 2649 immensoque
1234 2580 1359 2651 campo
1384 2558 1417 2629 in
1439 2556 1501 2627 exi·

394 2689 506 2761 gnum
531 2688 613 2735 sane
636 2687 761 2759 gyrum
787 2662 1007 2759 compellitis
1063 2664 1125 2734 Sin
1148 2671 1302 2736 veterem
1325 2666 1424 2739 illum
1445 2664 1500 2735 Pe-

395 2775 534 2860 riclem,
562 2783 622 2846 aut
641 2769 767 2869 [hunc]
797 2774 923 2859 etiam,
950 2773 1013 2868 qui
1037 2773 1240 2847 familiarior
1256 2775 1360 2847 nobis
1377 2782 1500 2872 propter

396 2881 605 2980 scriptorum
630 2882 895 2954 multitudinem
917 2891 987 2968 est,
1013 2881 1290 2955 Demosthenem
1317 2886 1415 2981 sequi
1437 2883 1498 2954 vnl-

396 3231 450 3264 enm
470 3213 611 3270 Aristoteli,
631 3213 666 3260 ita
686 3212 818 3260 barbaram
838 3214 932 3260 Demo·
980 3211 1041 3269 hoc,
1055 3227 1116 3274 prce
1128 3214 1207 3262 altero
1216 3216 1306 3274 poesia
1321 3216 1498 3277 qnodiudicatnr

395 3293 477 3344 stheni
489 3290 648 3340 tribuendum
666 3291 706 3339 sit.
730 3291 804 3349 Quod
811 3291 843 3338 ad
850 3296 927 3338 extre·
980 3290 1011 3337 de
1031 3295 1143 3350 oratore,
1159 3293 1213 3354 quis
1226 3306 1256 3341 ec
1270 3295 1372 3342 nomine
1384 3296 1414 3343 sit
1426 3294 1497 3356 appel·

395 3387 463 3422 mum
477 3371 575 3419 additur
590 3370 621 3418 de
635 3369 725 3426 Ulixe,
741 3368 931 3430 quiineomari
979 3369 1077 3416 landus.
1337 3431 1343 3440 .

396 3450 516 3500 erraverit
543 3451 680 3522 (tamquam
699 3447 718 3496 si
739 3447 932 3496 controversiam
1012 3448 1119 3495 alterius
1137 3449 1223 3508 ruha,
1251 3452 1297 3497 aar
1315 3451 1417 3499 iniuria.
1453 3451 1497 3498 Non

395 3530 533 3585 dirimeret,
549 3542 611 3589 qnae
624 3526 672 3576 fuit
683 3526 748 3574 inter
761 3526 931 3574 Aristarchum
980 3524 1059 3585 probo
1072 3526 1222 3587 Kayserum,
1236 3528 1279 3588 qui
1292 3529 1325 3578 de
1339 3544 1384 3578 suo
1396 3529 1465 3578 edidit
1470 3530 1499 3574 cel

395 3613 420 3658 et
441 3610 565 3657 Cratetem
586 3606 687 3669 agitata:
705 3604 757 3652 vid.
773 3606 838 3653 Gell.
854 3607 884 3653 N.
900 3607 931 3653 A.
980 3603 1083 3651 iniuria.

396 3689 465 3736 XIV.
487 3685 528 3748 6),
549 3686 592 3732 vix
611 3684 663 3732 sani
684 3683 789 3731 hominis
810 3687 858 3732 est:
872 3684 931 3740 sed,
1014 3696 1076 3743 qnae
1095 3681 1145 3730 diei
1164 3685 1276 3732 achatio
1292 3700 1308 3732 c
1324 3700 1371 3734 me.
1404 3687 1497 3746 Nempe,

396 3763 438 3812 ubi
452 3765 529 3812 semel
543 3762 653 3826 nugandi
664 3760 740 3809 libido
753 3762 931 3822 queminvasit,
981 3773 1029 3820 quo
1042 3761 1117 3808 modo
1130 3762 1242 3810 ornanda
1254 3763 1287 3811 sit
1299 3765 1385 3812 oratio.

396 3843 494 3890 difficile
511 3842 578 3890 dictu
596 3850 633 3889 est
646 3854 695 3900 qno
709 3853 765 3886 eum
779 3841 874 3888 vanitas
887 3840 931 3886 de·
1014 3837 1055 3887 71.
1072 3842 1118 3887 ant
1141 3839 1300 3890 nuncetiam
1320 3869 1356 3878 —-
1372 3839 1497 3890 Demosthe·

395 3921 462 3968 ferra
477 3919 562 3980 possit.
596 3918 675 3966 Video
689 3931 772 3974 nunc,
787 3917 932 3966 Pideritinm
980 3930 1043 3963 aem.
1077 3920 1160 3976 Quare
1179 3920 1261 3967 tanc?
1295 3921 1397 3984 Fingine
1414 3923 1494 3982 potest,

325 4037 326 4040 ,
395 3999 484 4048 festiva
510 3997 546 4045 uti
571 3997 789 4058 interpretatione,
818 4002 846 4044 ut
867 3996 932 4044 illud
979 4008 1010 4043 eo
1037 3996 1106 4054 loco,
1132 3995 1175 4044 ubi
1202 3998 1384 4060 disputabatur,
1405 4002 1493 4046 statum

396 4089 609 4137 marocenorum,
625 4075 930 4123 atherbaramdefendat:
979 4072 1054 4121 fuisse
1074 4075 1267 4126 Demosthenis?
1302 4079 1352 4127 Sed
1370 4078 1437 4124 etiem
1447 4088 1491 4120 11111-

396 4157 459 4205 nihil
479 4161 562 4204 tamen
575 4167 645 4202 meae
659 4152 803 4214 suspicionis
817 4167 857 4200 me
870 4167 931 4214 poe·
979 4152 1083 4199 wadum
1109 4154 1209 4202 videtur
1227 4156 1254 4203 in
1279 4157 1340 4214 iam,
1360 4154 1422 4217 quasi
1439 4153 1491 4199 nint

396 4236 469 4284 nitet:
491 4234 573 4294 itaque
594 4233 709 4281 Crassum
729 4236 790 4293 puto
810 4231 873 4279 nihil
886 4232 931 4280 nisi
980 4233 1025 4277 aut
1033 4232 1130 4290 potins.
1146 4258 1180 4268 -
1196 4236 1265 4292 Mox,
1280 4236 1385 4282 watenis
1396 4229 1489 4294 perfecti

396 4314 445 4361 hoc
458 4311 557 4358 dixisse:
573 4310 640 4365 haer,
654 4312 684 4356 nt
697 4324 729 4356 en
742 4307 872 4369 Apennino
878 4310 931 4370 fln-
978 4312 1047 4357 recte
1058 4309 1220 4360 includuntur
1232 4327 1247 4359 a
1260 4313 1375 4374 Kaysero.
1386 4338 1417 4346 -
1430 4311 1487 4361 Tum,

396 4392 498 4447 minam,
512 4391 549 4436 ric
562 4402 594 4436 en
604 4387 724 4436 commoni
734 4388 933 4450 sapientiaeiupo
979 4387 1079 4448 requiro
1092 4388 1222 4447 adcmms,
1235 4392 1425 4452 praedamnatis:
1435 4387 1486 4434 idern

395 4465 831 4525 runtdoctrinarnmsaetodtccrtta.
842 4465 932 4523 Quare,
980 4464 1085 4514 verbum
1098 4473 1136 4516 est
1147 4482 1237 4530 supra,
1256 4475 1269 4528 §
1284 4472 1324 4519 62.

394 4549 416 4593 si
431 4548 476 4594 hae
492 4545 630 4606 eloquentia
641 4571 683 4591 -.
1015 4544 1055 4595 72.
1073 4559 1189 4607 namque,
1209 4548 1239 4594 nl
1252 4551 1310 4596 cate
1321 4549 1383 4604 aar,
1401 4570 1429 4580 -
1441 4553 1484 4590 Μ·

1602 1227 1604 1291 l

1602 1334 1604 1372 Ι

1602 2092 1604 2116 ι

1602 2119 1604 2270 l

1602 2285 1604 2330 Ι

1602 2483 1604 2544 l

395 3137 453 3186 dedi
466 3141 656 3196 utassaquerer,
670 3133 801 3192 nisiforte,
816 3133 931 3181 usurae-
1015 3133 1056 3183 70.
1072 3135 1095 3181 rt
1109 3135 1138 3182 id
1149 3137 1297 3197 mannent.
1331 3138 1393 3186 Ideo
1409 3135 1499 3200 praetuli
