3242 5500
379 542 449 609 230
692 563 807 614 uranu
833 563 1034 612 succubus,
1063 547 1080 626 S
1107 545 1189 614 265.

376 733 436 803 ius.
456 733 521 804 viri
544 735 690 830 optimi,
716 735 828 806 nostri
852 734 1056 820 familiaris,
1083 743 1203 831 pater,
1229 730 1381 805 Nostros
1400 732 1495 805 16666·

377 865 436 913 663
466 840 597 916 similes
624 851 693 918 6336
720 840 893 940 Syrorum
921 842 1115 916 venalium.-
1147 855 1200 940 66
1211 840 1495 942 quisquamne

305 975 352 1020 666
380 945 507 1032 (lamec
536 950 657 1049 366666,
691 951 744 1025 666
771 975 844 1026 6336
870 951 1129 1050 aequissimum,
1181 950 1293 1022 Valde
1315 958 1435 1022 autem
1456 951 1493 1021 ri·

377 1058 506 1132 dentur
539 1060 644 1132 etiam
682 1056 872 1156 [imagines
882 1056 909 1156 ,]
947 1049 1040 1157 quae
1071 1062 1143 1132 fere
1164 1061 1201 1132 in
1228 1059 1494 1143 deformitatem,

377 1174 439 1239 aut
467 1168 505 1239 in
537 1168 682 1265 aliquod
708 1169 832 1242 vitium
855 1170 1009 1265 eorporis
1035 1168 1214 1242 ducuntur
1239 1193 1320 1241 cunr
1344 1168 1495 1240 similitu·

339 1339 343 1347 .
379 1277 463 1349 dine
495 1277 680 1376 turpioris:
716 1286 757 1350 ut
791 1303 910 1350 meum
937 1279 1025 1351 illud
1050 1279 1087 1350 iu
1111 1277 1281 1350 Helvium
1304 1277 1493 1361 Manciam,

377 1383 461 1459 que
492 1387 688 1472 ostendum,
726 1386 919 1460 eaiuuuodi
952 1387 1023 1460 sis.-
1064 1411 1175 1484 quum
1217 1386 1296 1471 ille,
1339 1381 1493 1469 Ostende,
1596 1395 1597 1482 ᾗ

379 1519 521 1592 quaese,
553 1496 788 1571 demonstravi
820 1496 935 1592 digito
961 1496 1095 1592 pictum
1119 1495 1262 1566 Gallum
1285 1495 1323 1566 in
1349 1495 1497 1566 Mariano
1596 1483 1597 1510 ³

381 1611 479 1681 scuto
504 1603 701 1690 Cimbrico,
734 1604 801 1677 sub
826 1605 956 1692 NoviS,
988 1605 1197 1689 distortum,
1234 1603 1344 1676 616666
1366 1604 1495 1699 lingua,
1596 1649 1597 1658 ,

380 1712 501 1786 buccis
541 1713 753 1786 fluentibus:
804 1713 896 1786 risus
945 1722 999 1787 636
1049 1722 1264 1798 666660663;
1310 1712 1403 1784 nihil
1436 1721 1496 1784 666
1596 1713 1597 1736 ¹

381 1821 543 1894 Manciae
582 1822 697 1895 simile
731 1823 846 1898 visum
883 1829 955 1896 est:
994 1833 1033 1896 ut
1070 1847 1181 1919 quum
1222 1821 1302 1894 Tito
1341 1821 1495 1907 Penario,
1596 1817 1597 1888 J

380 1930 1016 2027 6166666616(1166661616606606661,
1046 1931 1081 2002 Τ
1074 1957 1134 2004 um
1153 1943 1194 2003 66
1210 1929 1351 2013 eliceret,
1375 1931 1407 2004 36
1427 1929 1498 2028 qaid

310 2067 355 2116 66
379 2040 490 2122 661666,
526 2039 557 2112 36
590 2063 710 2114 aucun
731 2036 908 2138 freqisset.
959 2041 1075 2114 Etiam
1105 2041 1303 2134 illa‚‚quae
1327 2039 1497 2113 minuendi

382 2159 444 2222 666
477 2149 632 2245 augendi
665 2174 771 2222 causa
801 2149 847 2222 ad
872 2150 1114 2223 incredibilem
1136 2149 1404 2220 admirationem
1427 2150 1495 2220 effe·
1596 2143 1597 2148 ’

381 2266 526 2331 runtur:
563 2259 659 2331 velut
690 2268 750 2345 66,
785 2259 931 2345 Crasse,
966 2260 1003 2330 in
1028 2259 1212 2344 contione,
1238 2259 1291 2330 666
1309 2256 1376 2330 sibi
1397 2258 1497 2353 ipsum

382 2393 548 2466 66696666
587 2367 696 2442 uideri
736 2367 963 2452 Memmiana,
997 2381 1039 2441 ut
1078 2367 1119 2441 66
1149 2363 1274 2462 forum
1312 2366 1498 2440 descendam·

382 2489 488 2572 eaput
507 2476 558 2550 od
570 2473 746 2572 fornicem
765 2475 964 2554 Fabianum
984 2476 1186 2551 demitteret.
1225 2477 1280 2548 Ex
1298 2501 1368 2572 quo
1384 2499 1497 2572 genere

383 2587 489 2659 etiam
518 2586 609 2658 illud
630 2594 703 2673 est,
730 2586 826 2682 quod
852 2587 968 2682 Scipio
997 2586 1093 2681 apud
1118 2585 1369 2672 Numantiam,
1399 2609 1496 2680 quum

169 2754 173 2760 .
286 2727 299 2752 ·
384 2695 660 2769 stomacharetur
684 2721 765 2769 curn
788 2696 829 2769 O.
851 2696 1014 2782 Metelle,
1038 2695 1169 2769 dixisse
1189 2691 1496 2791 (1161666666616-

227 2739 259 2875 (l
312 2847 359 2893 2⁶0
384 2820 460 2879 tum
479 2818 618 2898 paueret
644 2784 867 2888 6667676663,
894 2806 1034 2879 6366666
1048 2801 1164 2900 666336
1176 2804 1392 2899 periturum.
1439 2803 1496 2873 Ar·
1595 2898 1596 2917 ἵ

385 2924 471 3010 gnta
505 2916 611 2989 etiam
645 2916 859 3011 significatio
893 2925 966 3000 est,
998 2938 1109 3011 quum
1133 2939 1238 3011 parva
1263 2938 1322 3001 re,
1354 2923 1386 2986 et
1409 2934 1497 3006 saepe
1595 2918 1596 2921 ’

384 3024 506 3111 verbo,
527 3049 582 3097 res
604 3023 753 3097 obscura
775 3032 811 3097 et
824 3025 937 3097 latens
950 3024 1162 3097 illustratur:
1190 3031 1230 3094 ut
1254 3047 1365 3118 quum
1387 3023 1423 3093 C.
1441 3022 1497 3091 116·

384 3133 493 3205 bricio
526 3133 566 3205 P.
606 3132 813 3219 Cornelius,
850 3133 977 3219 homo,
1009 3143 1049 3206 ut
1075 3131 1364 3219 existimabatur,
1389 3154 1496 3203 avarus

385 3251 421 3314 et
454 3242 576 3327 furax,
613 3242 675 3313 sed
709 3244 851 3339 egregie
875 3244 974 3317 fortis
999 3251 1034 3316 et
1057 3242 1170 3315 bonus
1197 3242 1401 3337 imperator,
1429 3263 1495 3335 gra·

386 3585 448 3633 quae
474 3571 629 3619 collationem
656 3571 728 3618 66666
754 3574 780 3618 66
801 3572 926 3633 66666666
976 3572 1085 3633 levarit]
1121 3570 1250 3619 Schutzius
1264 3571 1449 3634 excogitaverat,
1462 3565 1495 3611 lu·
1594 3622 1595 3625 Ἴ

386 3650 525 3709 imaginun.
566 3649 628 3696 Ideo
649 3652 674 3696 66
694 3663 753 3697 mox
772 3650 926 3697 collationem
975 3650 1164 3709 616666666616,Ι
1187 3650 1231 3697 sed
1252 3663 1334 3710 neque
1354 3648 1399 3695 hoc
1413 3644 1494 3705 indige·
1594 3626 1595 3705 1

385 3727 534 3775 tollendum.
569 3728 635 3774 Ante
656 3726 692 3775 Μ,
716 3728 801 3775 cicero
816 3730 926 3790 suspicor
975 3742 1042 3784 mus,
1057 3741 1138 3788 neque
1152 3728 1219 3788 quod
1232 3727 1293 3775 mihi
1307 3728 1333 3775 in
1346 3730 1494 3774 meniemve·

386 3804 480 3866 aliquid
493 3804 621 3853 excidisse.
974 3812 1059 3863 66666,
1075 3806 1141 3853 iacta
1154 3808 1269 3866 66666666.
1304 3806 1392 3854 Iustior
1400 3800 1495 3862 suspicio

421 3884 479 3930 266.
499 3884 654 3945 [6666666666]
678 3899 739 3945 quoe
753 3884 815 3944 sere
833 3912 866 3920 —-
880 3884 926 3932 du·
975 3883 1155 3941 eretlirnesti,
1170 3884 1232 3931 haee
1246 3899 1297 3933 non
1312 3877 1494 3932 assectarum,

387 3960 488 4007 cuntur.
506 3958 621 4019 Sublato,
636 3961 768 4021 6666666666,
783 3966 840 4010 6666
855 3961 925 4020 haec,
975 3961 1015 4010 cui
1026 3962 1108 4023 paruit
1119 3962 1250 4022 Kayserus.
1269 3964 1355 4024 Neque
1362 3954 1494 4017 661636661-

388 4052 464 4097 quum
484 4052 516 4085 ne
536 4037 638 4100 probari
653 4039 753 4099 quidem
772 4039 851 4101 possit
864 4042 925 4087 ima·
975 4042 1012 4089 cio
1032 4040 1070 4089 666
1082 4042 1112 4105 66
1124 4041 1239 4087 uideatur
1251 4046 1320 4088 recte
1333 4040 1440 4089 Latinum
1451 4036 1494 4087 ert,

384 4116 455 4179 einer
478 4130 532 4163 cum
559 4116 737 4175 666666666666,
758 4132 859 4166 6666336
881 4119 927 4167 erit
975 4119 1201 4179 nequeiuueminiu
1216 4119 1304 4167 666666.

387 4193 527 4256 corrigere,
542 4196 669 4242 dicuntur.
1009 4197 1067 4243 269.
1086 4210 1159 4256 quum
1177 4196 1228 4243 6666
1240 4210 1330 4259 uerrere
1343 4193 1451 4243 orationis
1461 4202 1494 4235 re-

421 4273 479 4321 267.
488 4288 562 4335 quum
568 4274 766 4321 stomacharetur
773 4288 828 4321 cum
838 4275 864 4321 C.
873 4273 925 4321 Me·
976 4287 1046 4322 uerae
1060 4273 1139 4321 tudae.
1158 4274 1259 4321 Correxi
1274 4274 1305 4322 de
1319 4287 1385 4330 meo,
1398 4280 1493 4319 eme:

390 4349 456 4396 66116.
491 4349 613 4397 Tollenda
632 4348 731 4396 videtur
748 4350 836 4410 Praep.
856 4364 925 4407 eum,
976 4350 1044 4408 libri,
1058 4364 1146 4399 666666.
1165 4352 1214 4399 Sed
1222 4366 1295 4400 nemo
1303 4351 1399 4406 dixerit,
1414 4343 1495 4409 quidsit

388 4426 435 4473 nisi
448 4426 502 4487 quis
515 4428 637 4484 ostendat,
652 4426 701 4475 dici
714 4427 823 4487 potuisse
835 4428 927 4475 stema·
975 4442 1058 4477 666666
1070 4429 1164 4477 ledere.
1177 4452 1179 4457 ·

389 4503 458 4551 ulturi
472 4518 527 4552 eum
540 4506 631 4567 ulique.
1007 4499 1493 4569 270.Africanam-dieitfuiseeduim·

422 4584 479 4629 268.
506 4583 591 4643 [lautu
617 4584 724 4643 euspicio
744 4610 776 4617 —
796 4585 927 4644 iquoiniuie
976 4584 1495 4645 6666666066,666(16,Ρ166616163,66636·
