3242 5500
240 522 245 531 '
304 524 350 585 ,'
464 507 927 625 aranturacrros.§108.
1189 532 1259 600 323

70 746 71 750 ¹
97 810 98 813 Ἴ
129 704 295 805 nostrum
319 704 570 814 patrimonium
596 722 818 815 irruperunt,
845 722 940 818 quod
965 747 1054 819 opus
1079 730 1131 795 est
1156 723 1259 796 nobis

127 830 346 907 mutuemur.
450 858 452 862 ·

131 956 133 959 ·
178 939 318 1010 Dicunt
354 938 464 1033 igitur
499 962 594 1010 nunc
631 939 775 1034 quidam
810 941 883 1026 illi,
922 942 983 1038 qui
1020 967 1062 1013 ex
1089 942 1260 1037 particula
1285 946 1331 1014 28

128 1072 240 1143 parva
263 1047 361 1120 urbis
386 1073 425 1119 ac
450 1048 517 1119 loci
540 1072 668 1119 nomen
693 1048 844 1135 habent,
871 1059 906 1121 et
936 1050 1158 1147 Peripatetici
1180 1051 1258 1147 phi·
1285 1072 1331 1117 10⁹

128 1158 271 1253 losophi
283 1165 344 1229 aut
357 1156 558 1229 Academici
571 1159 815 1245 nominantur,
841 1160 939 1246 (olim
957 1170 1090 1246 autem,
1117 1170 1259 1257 propter

128 1267 298 1338 eximiam
321 1291 438 1338 rerum
459 1268 691 1338 maximarum
710 1269 909 1354 scientiam,
929 1294 949 1339 a
967 1271 1109 1341 Graecis
1126 1271 1258 1365 politici

128 1375 334 1471 philosophi
373 1376 559 1471 appellati,
602 1377 845 1449 universarum
884 1402 1000 1449 rerum
1035 1378 1258 1475 publicarum

128 1486 276 1557 nomine
310 1486 537 1571 vocabantur)
576 1509 715 1557 omnem
748 1487 885 1558 civilem
921 1488 1115 1560 orationem
1139 1490 1176 1559 in
1194 1487 1256 1559 ho·

127 1620 208 1666 rum
245 1595 414 1667 alterutro
450 1618 578 1690 genere
615 1598 765 1681 versari,
791 1604 852 1667 aut
877 1595 1041 1668 definitae
1065 1607 1259 1669 controver-

128 1706 200 1776 siae
238 1706 342 1777 certis
374 1703 592 1800 temporibus
619 1729 659 1776 ac
687 1705 771 1790 reis3
798 1704 863 1777 hoc
885 1705 1010 1791 modo,
1036 1706 1259 1801 placeatnea

128 1814 486 1909 Carthaginiensibus
509 1814 663 1910 captivos
687 1824 845 1908 nostros,
871 1815 1017 1887 redditis
1040 1817 1134 1901 suis,
1160 1841 1257 1889 recu·

128 1924 263 2017 perari:
316 1932 377 1995 aut
424 1924 562 1995 infinite
596 1924 639 1995 de
676 1925 838 1996 universo
872 1948 1000 2019 genere
1035 1928 1257 2021 quaerentis,

128 2034 217 2129 quid
263 2033 408 2106 omnino
446 2032 489 2103 de
524 2033 658 2128 captivo
694 2033 923 2106 statuendum
959 2058 999 2105 ac
1033 2036 1258 2108 sentiendum

127 2144 184 2215 sit.
251 2140 373 2238 Atque
409 2141 534 2213 horum
573 2143 733 2237 superius
771 2142 862 2213 illud
893 2167 1006 2237 genus
1031 2168 1171 2215 causam
1196 2153 1257 2216 aut

127 2252 401 2323 controversiam
423 2252 621 2346 appellant,
649 2277 796 2347 eamque
822 2251 956 2338 tribus,
983 2252 1063 2338 lite,
1091 2261 1152 2325 aut
1170 2255 1256 2326 deli·

128 2361 333 2444 beratione,
361 2368 421 2431 aut
444 2360 664 2446 laudatione,
686 2362 880 2433 definiunt:
908 2361 993 2433 haec
1015 2370 1132 2433 autem
1149 2364 1258 2436 altera

127 2471 292 2565 quaestio
315 2470 453 2541 infinita
484 2480 517 2542 et
547 2471 648 2565 quasi
665 2471 845 2566 proposita
868 2471 1079 2544 consultatio
1096 2473 1254 2545 nomina·

125 2596 194 2651 tur.
249 2579 368 2675 Atque
394 2578 458 2651 hac
483 2580 587 2651 etiam
610 2580 647 2651 in
666 2580 882 2652 instituendo
900 2580 1071 2652 divisione
1087 2590 1256 2670 utuntur,
1283 2607 1328 2653 110

48 2907 51 2916 ’
123 2923 196 2966 nesto
210 2917 423 2975 commendatam,
440 2931 535 2978 proco,
551 2917 665 2978 quodedi
715 2917 783 2977 plina
801 2917 943 2975 traderent,
965 2916 1051 2965 subiici
1069 2919 1254 2982 castigationem

122 2997 237 3053 solebat,
266 2997 312 3043 aut
339 2997 368 3042 de
387 2997 467 3058 finita
491 2997 664 3044 controversia.
714 2995 857 3051 rhetorum,
879 2995 895 3041 i.
915 3009 937 3042 e.
952 2995 1050 3043 dicendi
1064 2998 1253 3059 magistrorum,

124 3079 213 3137 Neque
227 3075 294 3123 enim
308 3073 406 3135 probari
420 3079 518 3135 poterat
531 3074 593 3122 haec
607 3089 663 3134 syn·
715 3074 756 3134 qui
770 3073 850 3121 civilis
863 3074 980 3122 orationis
992 3074 1041 3122 duc
1053 3075 1253 3138 illageneranon

122 3157 196 3214 taxis,
213 3159 240 3202 ut
254 3153 377 3201 diceretur
389 3167 466 3213 penus
479 3154 509 3199 de
515 3153 594 3214 finita
608 3166 664 3199 con·
714 3151 757 3209 sic,
772 3151 946 3213 ut'oportebat,
961 3158 1177 3213 persequerentur.
1196 3156 1253 3203 Non

124 3235 262 3282 troversia.-
278 3245 359 3292 neque
371 3232 496 3280 offendere
508 3229 664 3279 debebatlil·
714 3229 802 3278 attinet
815 3230 928 3293 singula,
946 3231 971 3278 in
986 3230 1074 3292 quibus
1089 3233 1252 3291 offendimus,

122 3313 263 3369 lendtium,
293 3310 359 3371 quod
385 3310 473 3357 dicitur
501 3310 666 3358 controveraia
714 3308 837 3365 indicare,
859 3310 991 3369 locumque
1012 3310 1065 3357 aliis
1079 3312 1253 3374 corrigendum

123 3391 224 3452 infinite
246 3402 374 3451 quaerens.
387 3415 421 3422 -
444 3389 518 3445 Mox,
540 3389 564 3435 in
583 3385 665 3436 verbis
713 3387 855 3447 relinquere
872 3388 945 3434 malo.

123 3483 227 3530 eamque
248 3469 374 3515 tritua—
387 3466 521 3528 definiant,
535 3466 609 3514 facile
623 3480 663 3514 ca-
747 3464 908 3526 ardentque.
943 3465 983 3513 Sic
999 3465 1026 3512 in
1039 3466 1092 3514 aliis
1106 3465 1174 3514 libris
1189 3468 1251 3530 legi-

123 3561 206 3597 raram
220 3546 265 3594 iilo
280 3546 368 3592 tribus.
713 3547 762 3601 tur,
777 3542 802 3590 in
816 3543 871 3590 aliis
883 3544 928 3590 aut
939 3544 1051 3606 denique.
1070 3544 1189 3607 Madvigii
1196 3559 1251 3593 cor-

87 3666 92 3672 .
159 3627 217 3672 110.
235 3625 311 3686 atque
329 3624 461 3671 taccitum
474 3623 666 3671 iniustiiuendo
712 3621 861 3678 rectionem,
877 3622 900 3668 nt
911 3621 1023 3682 denique,
1038 3621 1096 3670 viris
1107 3621 1250 3683 doctispro-

124 3704 244 3752 divisione
263 3703 379 3750 utuntur.
414 3702 497 3749 Totius
515 3701 563 3749 loci
579 3699 664 3748 turba·
713 3698 766 3746 bari
793 3699 878 3746 video:
921 3698 1051 3747 Pideritius
1078 3699 1186 3749 malebat
1206 3703 1252 3749 aut

123 3788 174 3830 tam
193 3787 219 3829 et
231 3781 370 3828 mutilatam
384 3793 436 3827 esse
450 3780 582 3828 lectionem
595 3782 664 3826 tanto
713 3777 817 3838 denique
836 3778 866 3824 vi.
902 3777 1061 3825 Manifestum
1077 3782 1113 3826 est
1126 3778 1187 3827 haec
1201 3779 1251 3828 duo

124 3862 207 3909 minus
227 3860 318 3906 mirum
333 3862 384 3915 est,
403 3859 469 3918 quod
482 3857 524 3905 hic
537 3857 589 3906 fere
603 3870 664 3904 con·
712 3855 746 3903 ita
765 3856 831 3902 inter
847 3869 874 3903 sa
887 3856 995 3917 opponi,
1010 3861 1038 3904 ut
1051 3870 1199 3916 recuperare
1213 3858 1250 3905 di-

124 3944 230 3987 scuntur
246 3938 351 3986 Codices
364 3937 474 3984 lacunosi
481 3951 538 3983 cum
544 3935 586 3992 iis,
601 3948 664 3995 quae
713 3940 783 3982 catur
795 3934 821 3981 in
835 3934 923 3982 amissa
936 3940 961 3982 et
974 3933 1005 3981 ab
1019 3935 1072 3982 aliis
1083 3940 1180 3984 retenta
1191 3951 1250 3999 pos·

124 4031 174 4066 sac.
196 4017 299 4064 demum
313 4014 371 4062 XV⁰
384 4015 531 4076 prodierunt
544 4027 557 4062 e
573 4013 664 4062 Codice
713 4013 834 4069 sessione,
849 4017 948 4070 contra,
961 4027 1084 4073 usurpare
1096 4014 1122 4061 in
1135 4015 1251 4076 ciuspos·

125 4096 261 4144 Laudensi.
280 4094 310 4141 In
326 4093 471 4156 corrigenda
489 4092 596 4140 lectione
610 4090 663 4139 fru-
713 4091 827 4139 scssionis
837 4105 892 4149 usu,
908 4092 948 4151 qui
957 4092 1113 4139 continuatus
1120 4093 1251 4141 necinter·

124 4180 175 4222 stra
189 4173 252 4220 mihi
264 4171 381 4221 videntur
393 4185 494 4232 operam
501 4170 611 4232 posuisse
618 4170 664 4217 viri
712 4173 800 4230 ruptus
806 4169 901 4217 fuisset.
910 4168 983 4217 Conf.
990 4170 1100 4232 Madvig.
1109 4171 1251 4219 Emendatt.

125 4251 200 4309 docti,
214 4265 296 4312 neque
307 4250 360 4312 ipse
368 4248 590 4311 quidquamreperi
598 4247 664 4309 quod
714 4247 769 4295 Liv.
791 4262 817 4308 p.
839 4249 896 4296 393.
931 4247 973 4294 Ec
992 4249 1048 4295 iure
1068 4247 1135 4296 civili
1154 4246 1251 4296 benaa

125 4331 186 4378 mihi
205 4329 367 4378 satisfaceret.
402 4329 476 4387 Quod
489 4327 521 4375 ad
535 4326 664 4374 consilium
714 4325 824 4385 Kayserc
835 4326 964 4374 insititiam
977 4324 1091 4374 habetur.

125 4408 214 4456 horum
234 4405 369 4456 verborum
390 4407 605 4465 attinet,-tantum
619 4418 664 4466 ap·
749 4405 849 4467 [etiam]
872 4404 960 4451 tarum
978 4405 1027 4450 iam
1040 4417 1178 4451 causarum.
1213 4405 1251 4450 Ex

124 4492 209 4548 paret,
223 4500 302 4548 quum
315 4484 424 4534 breviter
437 4485 512 4533 modo
526 4483 664 4544 expositum
712 4480 806 4530 librarii
827 4496 910 4531 errore
927 4482 997 4530 duxit
1009 4481 1073 4529 illud
1086 4482 1176 4540 etiam,
1192 4496 1250 4529 nus-

125 4571 189 4614 esset
209 4565 271 4626 quid
283 4563 426 4625 philosophi
440 4563 476 4610 ilii
490 4563 516 4610 in
529 4561 577 4609 hac
591 4560 663 4608 disci·
714 4574 787 4621 quam
802 4574 858 4607 cum
873 4562 921 4607 iam
935 4561 1086 4621 copulatum.
