3242 5500
442 567 555 615 11111
581 567 750 617 1111111.
780 550 796 629 §
823 548 881 615 25.
1155 546 1223 614 281

107 740 216 813 multa
249 739 483 835 percipimus,
522 762 631 834 quae,
670 738 736 810 etsi
769 762 833 811 nos
867 738 1010 811 vocibus
1035 739 1226 823 delectant,

106 862 222 923 tamen
257 848 306 921 ita
340 857 423 921 sunt
455 850 549 921 varia
584 872 706 943 saepe,
743 856 781 920 ut
812 849 871 934 id,
910 849 1005 943 quod
1028 850 1228 943 proximum

110 960 252 1045 111111,
289 958 584 1040 iucundissimum
622 982 696 1030 esse
727 957 906 1030 videatur:
943 967 977 1031 et
1001 960 1111 1030 oculis
1132 958 1228 1031 colli·

107 1077 241 1164 guntur
274 1092 386 1165 paene
418 1067 692 1142 innumerabiles
725 1068 941 1164 voluptates,
979 1092 1070 1164 quae
1092 1092 1156 1140 nos
1180 1069 1231 1140 ita

109 1180 274 1275 capiunt,
301 1187 341 1251 ut
362 1203 473 1250 unum
497 1202 639 1251 sensum
661 1178 824 1250 dissimili
841 1202 969 1273 genere
985 1178 1173 1250 delectent:
1196 1186 1231 1248 et

107 1290 261 1385 reliquos
279 1313 402 1361 sensus
427 1288 624 1384 voluptates
647 1287 825 1360 oblectant
838 1288 1011 1384 dispares,
1030 1297 1070 1361 ut
1084 1290 1128 1360 sit
1140 1288 1229 1359 diffi-

105 1400 167 1471 cile
194 1398 367 1471 iudicium
393 1399 593 1471 excellentis
619 1398 771 1470 maxime
798 1398 990 1471 suavitatis.
1030 1399 1147 1495 Atque
1165 1398 1230 1469 hoc
1256 1371 1287 1415 2⁶

106 1509 222 1594 idem,
263 1509 359 1603 quod
394 1517 448 1580 est
482 1508 518 1579 in
554 1509 690 1582 naturis
725 1532 864 1595 rerum,
903 1508 1083 1581 transferri
1117 1517 1230 1604 potest

110 1620 213 1691 etiam
249 1618 295 1690 'ad
330 1626 432 1690 artes.
497 1617 577 1690 Una
610 1618 770 1713 fingendi
803 1627 952 1702 estam,
978 1620 1016 1691 in
1040 1644 1109 1715 qua
1133 1642 1230 1715 prae·

110 1736 240 1800 stantes
275 1728 416 1799 fuerunt
450 1728 574 1822 Myrn,
613 1728 835 1823 Polycletus,
873 1728 1071 1826 Lysippus,
1110 1753 1231 1800 omnes

109 1839 198 1910 inter
234 1862 271 1909 se
307 1837 516 1923 dissimiles,
556 1838 617 1909 sed
651 1839 699 1910 ita
735 1846 874 1925 tamen,
910 1848 951 1911 ut
979 1840 1156 1910 neminem
1177 1839 1231 1910 sui

109 1948 192 2019 velis
230 1972 305 2019 esse
340 1946 557 2019 dissimilem.
611 1947 690 2020 Una
724 1957 776 2020 est
797 1973 852 2020 ars
877 1950 1035 2046 ratioque
1055 1950 1231 2044 picturae;

109 2058 338 2129 dissimillimi
371 2065 489 2128 tamen
515 2058 607 2129 inter
630 2082 667 2129 se
691 2058 840 2144 Zeuxis,
867 2057 1098 2154 Aglaophon,
1125 2058 1232 2153 Apel-

107 2170 170 2253 111
198 2192 315 2265 neque
340 2190 459 2238 eorum
485 2169 674 2263 quisquam
699 2177 772 2253 est,
800 2168 856 2239 cui
881 2162 1076 2264 quidquam
1098 2168 1136 2238 in
1159 2176 1233 2239 arte

108 2303 168 2351 sua
207 2278 329 2350 deesse
362 2277 533 2349 videatur.
597 2278 662 2363 Et,
700 2279 729 2349 si
766 2276 832 2349 hoc
857 2278 894 2348 in
918 2276 973 2348 his
998 2278 1099 2371 quasi
1125 2278 1232 2348 mutis

107 2388 241 2459 artibus
275 2395 327 2459 est
350 2387 573 2474 mirandum,
601 2396 776 2460 ettamen
800 2412 942 2473 verum,
970 2396 1102 2482 quanto
1122 2388 1232 2459 admi·

107 2496 257 2569 rabilius
291 2497 329 2567 in
363 2498 520 2569 oratione
550 2506 654 2593 atque
688 2498 724 2568 in
750 2498 898 2592 lingua?
923 2521 1035 2594 quae,
1062 2522 1173 2592 quum
1195 2498 1232 2569 in

107 2600 236 2679 iisdem
278 2606 462 2679 sententiis
502 2606 687 2703 verbisque
729 2616 904 2692 versetur,
942 2632 1096 2679 summas
1130 2606 1234 2678 habet

109 2715 437 2801 dissimilitudines;
475 2740 546 2788 non
572 2715 641 2804 sic,
668 2725 708 2789 ut
730 2716 790 2790 alii
814 2717 1035 2813 vituperandi
1057 2717 1145 2803 sint,
1173 2717 1234 2789 sed

107 2836 144 2899 ut
180 2828 230 2912 ii,
269 2850 356 2922 quos
387 2834 521 2898 constet
558 2850 632 2898 esse
654 2826 869 2912 laudandos,
897 2827 932 2898 in
959 2828 1091 2924 dispari
1115 2835 1232 2898 tamen

106 2961 237 3031 genere
271 2935 467 3007 laudentur.
520 2935 639 3030 Atque
674 2935 710 3008 id
745 2937 900 3031 primum
933 2938 969 3008 in
995 2937 1106 3033 poetis
1137 2938 1232 3008 cerni
1259 2967 1289 3015 cr

104 3269 166 3323 tavi,
181 3267 339 3325 sicutsnpra,
353 3263 413 3310 adl.
423 3266 435 3320 §
444 3261 501 3319 237,
516 3261 650 3324 praestabit
732 3263 772 3313 27.
791 3266 860 3312 cerui
874 3267 939 3311 licet.
971 3266 1166 3328 corrigendum,
1181 3282 1234 3314 cer·

104 3343 396 3408 corrigere,mlrabillus,
404 3341 463 3388 utin
473 3340 648 3389 similisenten-
699 3354 757 3388 uere
772 3343 801 3397 l.,
818 3341 859 3401 qui
872 3342 1011 3390 Infinitivus
1018 3342 1159 3391 Activusde
1167 3357 1235 3390 more

104 3425 137 3471 tia
160 3423 257 3486 legitur
276 3420 357 3478 infra,
379 3424 390 3478 ξ
415 3418 471 3468 197.
511 3421 649 3478 Contra,§
698 3418 791 3466 servari
804 3420 875 3476 solet,
889 3425 917 3468 ut
930 3435 1003 3476 mox,
1022 3423 1083 3479 §99;
1096 3421 1235 3482 iterumque

105 3505 165 3559 201,
185 3499 365 3562 corrigendum
378 3497 530 3547 admirabile.
698 3497 848 3560 corrigatur,
863 3503 875 3556 §
892 3497 948 3548 107.

137 3595 202 3643 quae
232 3592 306 3640 quum
330 3605 364 3613 -
383 3581 503 3626 versetur.
544 3578 650 3637 Quando
733 3591 805 3638 quam
830 3581 890 3624 suut
917 3577 1055 3624 1111111111
1074 3605 1107 3613 —
1128 3580 1235 3626 dissimi-

104 3659 207 3721 quidem
223 3656 434 3706 dissimilitudines
448 3656 584 3718 exspectari
598 3671 649 3704 11-
674 3663 676 3680 ¹
700 3656 749 3703 les!
791 3658 865 3704 Hunc
893 3670 990 3716 quoque
1016 3657 1098 3704 locum
1119 3658 1186 3706 edidi
1205 3673 1237 3707 ex

105 3741 141 3801 gis
155 3752 267 3799 aequum
282 3741 343 3792 erat,
358 3734 433 3784 ubiin
441 3735 543 3784 diversis
550 3741 649 3784 senten·
674 3749 676 3818 p
699 3749 754 3783 111
773 3735 927 3784 correctione
940 3739 965 3782 et
977 3735 1147 3794 distinctione,
1162 3752 1236 3798 quam

105 3819 143 3866 tiis
170 3817 254 3866 oratio
272 3819 427 3872 versaretur,
452 3815 590 3863 necessario
611 3815 651 3863 hic
674 3819 676 3855 t
699 3818 796 3862 secutus
811 3818 849 3861 est
862 3813 992 3872 Kayserus.
1028 3812 1105 3866 Quam
1119 3818 1236 3866 stutideo

106 3898 236 3959 scripsisse
263 3893 325 3940 mihi
352 3893 465 3951 videtur,
494 3908 556 3955 quoe
576 3895 651 3942 ettam
698 3892 1236 3953 vitiosumerat,quoniam,quodceruereli-

106 3992 181 4038 quum
195 4001 231 4010 -
241 3973 396 4021 uersatur—.
675 3993 677 4080 q
700 3974 751 4028 ccl,
767 3986 818 4018 ncn
831 3970 879 4018 hoc
893 3974 958 4027 erat,
972 3971 1102 4021 dissimiles
1108 3974 1167 4022 istos
1173 3976 1237 4023 inter

138 4069 189 4102 nou
217 4054 268 4108 sic,
296 4053 326 4098 ut
352 4052 396 4098 alti
416 4051 571 4112 vituperandi
591 4052 650 4099 alut.
700 4064 752 4098 sese
767 4063 833 4106 esse,
851 4049 896 4097 sed
909 4064 949 4097 res
961 4053 1097 4112 complures
1108 4053 1239 4101 dissimiles

106 4132 247 4180 Lambinus
260 4130 309 4178 iarn
323 4128 478 4190 requirebat,
496 4131 526 4177 ut
539 4131 583 4178 clii
598 4132 650 4178 lau·
700 4131 768 4176 inter
786 4142 813 4174 se
826 4132 909 4176 tamea
922 4130 1041 4177 consimili
1055 4130 1127 4178 uude
1139 4133 1238 4192 eliquari

106 4213 196 4268 dandi,
213 4211 259 4256 clii
273 4209 430 4268 vituperandi
443 4209 502 4256 aiut.
538 4211 591 4272 Ego
605 4223 650 4271 po·
701 4207 726 4272 (ξ
742 4209 792 4265 25).
817 4207 912 4255 Eadem
923 4207 1004 4255 fornia
1018 4213 1043 4257 et
1055 4223 1113 4257 mox
1124 4212 1237 4268 recurrit,

104 4293 167 4348 tius,
190 4287 289 4336 leniore
309 4301 367 4334 usus
386 4288 551 4346 correctione,
567 4288 601 4336 sic
614 4290 652 4335 le·
702 4291 713 4344 ξ
736 4287 781 4344 31,
804 4287 866 4346 quid
879 4288 930 4333 tam
942 4288 1011 4334 iuter
1023 4302 1048 4333 aa
1062 4287 1195 4336 dissimile?
1213 4294 1239 4336 et

105 4384 178 4432 garn,
201 4369 233 4415 ut
254 4367 317 4413 uulll
334 4366 489 4426 vituperandi
502 4367 561 4414 siut.
597 4369 652 4415 Hoc
701 4368 768 4424 532.
797 4366 828 4412 In
841 4367 904 4422 fine,
919 4365 1047 4412 tribuatur
1060 4365 1239 4414 defendebatur

104 4453 205 4498 tantum
227 4445 417 4508 significandum
439 4450 506 4502 erat,
521 4445 652 4493 dissimili·
701 4443 732 4492 ab
745 4444 872 4492 Ellendtio
886 4458 917 4491 ex
929 4443 1046 4492 orationis
1052 4443 1167 4505 obliquae
1173 4446 1238 4507 lege,

104 4528 208 4576 tudines
228 4524 284 4572 illas
305 4538 356 4572 non
373 4524 420 4572 nisi
433 4524 459 4572 in
473 4525 651 4586 praestantissi·
700 4537 748 4584 qua
768 4520 881 4580 sublata,
899 4523 948 4570 iarn
967 4523 1135 4572 revocandum
1155 4528 1239 4572 erate

105 4607 152 4656 mis
166 4604 305 4655 observari.
701 4602 781 4650 Codd.
796 4601 927 4649 tribuitur.
