3242 5500
371 531 441 598 ,238
685 548 793 596 runnu
824 549 1026 598 sncunuus
1057 533 1073 613 ἓ
1101 532 1182 600 290.

370 723 524 810 Antoni,
563 725 624 820 qui
660 723 697 794 in
736 722 801 794 hoc
838 722 1033 794 deversorio
1059 724 1229 796 sermonis
1256 724 1326 796 mei
1353 723 1502 796 libenter
1609 709 1611 728 ⁴

370 834 614 928 acquieturum
648 841 684 905 te
718 857 794 904 esse
830 831 970 918 dixisti,
1002 841 1184 928 tamquam
1209 835 1247 906 in
1269 832 1501 929 Pomptinum

370 943 577 1028 deverteriS,
619 937 750 1038 [neque
786 965 973 1014 amoenum
999 967 1114 1038 neque
1140 942 1318 1014 salubrem
1343 943 1462 1014 locum
1474 937 1498 1037 ,l

370 1075 515 1138 censeo,
552 1059 593 1123 ut
626 1052 709 1124 satis
746 1051 809 1124 diu
844 1059 879 1122 te
916 1057 1019 1147 putes
1048 1054 1247 1148 requiesse,
1275 1059 1310 1124 et
1337 1053 1406 1123 iter
1426 1051 1502 1122 reli·

370 1186 481 1257 quum
505 1161 674 1234 conficere
698 1185 835 1256 pergas,

418 1271 495 1366 Ego
512 1293 610 1355 vere,
633 1277 740 1364 atque
756 1269 867 1342 hilare
885 1269 1029 1365 quidem
1051 1294 1072 1342 a
1095 1277 1130 1341 te
1152 1277 1338 1365 acceptus,
1362 1269 1499 1364 inquit,

371 1389 405 1452 et
429 1403 540 1476 quum
563 1378 695 1451 doctior
716 1403 779 1476 per
805 1387 857 1464 te,
878 1386 956 1450 tum
979 1379 1086 1452 etiam
1108 1379 1274 1452 audacior
1295 1379 1411 1451 factus
1433 1381 1500 1448 iam

370 1489 416 1562 ad
441 1488 639 1561 iocandum.
672 1488 754 1560 Non
778 1488 874 1560 enim
899 1512 1029 1575 vereor,
1054 1513 1099 1560 ne
1124 1489 1203 1584 quis
1222 1512 1278 1561 me
1297 1489 1335 1560 in
1355 1488 1424 1560 isto
1443 1512 1499 1583 ge·

370 1623 452 1670 nere
475 1598 639 1670 leviorem
663 1598 733 1670 iam
758 1603 881 1692 putet,
907 1598 1075 1693 quoniam
1100 1597 1243 1693 quidem
1267 1606 1308 1670 tn
1319 1595 1501 1669 Fabricios

370 1707 458 1780 mihi
481 1714 659 1793 austerae,
686 1714 721 1778 et
737 1705 942 1792 Africanos,
969 1706 1166 1792 Maximosr,
1194 1706 1367 1793 Catones,
1394 1706 1499 1801 Lepi·

297 1839 341 1885 aar
370 1818 434 1890 dos
466 1816 655 1912 protulisti.
709 1814 776 1886 Sed
812 1814 949 1887 habetis
975 1840 1035 1901 ea,
1070 1840 1160 1911 quae
1189 1817 1351 1888 voluistis
1377 1841 1421 1888 ex
1447 1839 1500 1886 me

369 1926 511 2012 audire,
542 1924 586 1996 de
618 1923 748 2019 quibus
779 1923 925 2019 quidem
947 1926 1142 1998 accuratius
1168 1924 1359 1997 dicendum
1386 1934 1421 1998 et
1445 1949 1499 1996 co·

369 2034 556 2133 gitandum
579 2034 664 2106 luit:
691 2057 773 2105 nam
798 2033 1084 2106 cetera-faciliora
1106 2042 1211 2120 sunt,
1237 2042 1345 2130 atque
1371 2060 1416 2106 ex
1441 2033 1498 2119 iis,

370 2169 460 2242 quae
482 2145 552 2217 iam
576 2143 670 2215 dicta
695 2151 797 2228 sunt,
823 2143 959 2238 reliqua
984 2151 1178 2216 nascuntur
1203 2145 1332 2216 omnia.

298 2258 343 2328 72
417 2255 496 2350 Ego
530 2254 625 2324 enim
659 2276 770 2348 quum
804 2251 849 2324 ad
874 2276 1015 2324 causam
1042 2277 1120 2326 sum
1144 2277 1355 2348 aggressus,
1395 2262 1499 2347 atque

370 2363 489 2436 omnia
501 2361 701 2456 cogitando,
722 2361 840 2457 quoad
853 2361 964 2434 facere
977 2362 1094 2458 potui,
1116 2371 1333 2457 persecutus,
1351 2357 1496 2459 [quum]

370 2482 405 2546 et
438 2479 644 2568 argumenta
668 2493 812 2556 causae,
838 2480 874 2544 et
896 2494 955 2544 eos
981 2471 1094 2556 locos,
1118 2469 1248 2566 quibus
1272 2472 1383 2544 animi
1404 2471 1494 2544 iudi·

370 2607 452 2656 cum
488 2580 734 2665 conciliantur,
770 2588 821 2662 et,
841 2578 940 2687 illos,
972 2579 1101 2675 quibus
1132 2587 1401 2675 permoventur,
1426 2580 1496 2652 vidi

369 2705 476 2788 atque
500 2690 664 2786 cognovi,
690 2697 767 2761 tum
788 2689 979 2776 constituo,
1006 2689 1094 2785 quid
1112 2689 1238 2764 habeat
1258 2685 1496 2787 [consequae-

370 3014 475 3061 Evcsa.
490 3009 566 3058 aumsi
579 3010 641 3065 iam,
657 3021 732 3068 quum
747 3012 804 3055 ante
819 3008 906 3057 ediso·
991 3008 1052 3069 qaid
1072 3007 1159 3055 iubeat
1184 3009 1270 3069 [cauae
1291 3008 1414 3071 quaeque]
1433 3009 1495 3056 boni.

370 3094 433 3140 leret
447 3090 538 3150 sociae
550 3102 622 3134 aum.-
638 3086 705 3148 quod
719 3086 805 3133 vitium
820 3090 906 3134 natum
957 3084 1093 3134 Turbatum
1113 3091 1150 3135 est
1170 3076 1297 3143 inlibris,
1314 3101 1390 3147 quum
1404 3087 1430 3133 in
1445 3086 1496 3133 aliis

370 3173 423 3217 erat
436 3182 467 3216 ex
478 3167 630 3229 ignorantia,
643 3164 777 3212 formulam
788 3178 831 3227 epo
842 3178 906 3222 vero,
956 3164 987 3213 sit
1007 3178 1116 3228 quaeqae
1130 3178 1219 3221 cauea,
1233 3165 1259 3213 in
1274 3164 1328 3213 aliis
1342 3164 1495 3227 caaraqar'd-

370 3261 447 3307 quum
466 3245 491 3291 in
511 3243 686 3305 respondendo
702 3247 848 3303 usurpetur,
863 3256 906 3291 ex·
956 3257 1010 3305 quc.
1045 3242 1094 3291 Sed
1111 3246 1243 3303 utrumque
1258 3242 1345 3291 inscite
1360 3244 1495 3305 interpola-

370 3325 433 3387 pleri
457 3328 571 3385 oportere
593 3337 606 3370 e
626 3321 753 3383 superiore
766 3320 859 3377 verbo,
879 3325 907 3369 ut
955 3326 1008 3369 tum
1022 3326 1070 3369 est:
1085 3320 1223 3368 necessario
1237 3335 1269 3368 err
1282 3322 1406 3378 anteced,
1422 3335 1496 3384 qaam

371 3403 396 3450 h.
417 3404 436 3449 1.
457 3415 499 3462 epo
519 3413 575 3449 cero
594 3401 843 3463 conficereperpam:
859 3412 906 3459 qua
955 3401 989 3447 ad
1013 3413 1111 3447 caueam
1137 3412 1266 3462 attrectas
1285 3414 1355 3457 aum,
1378 3400 1497 3461 intelligi-

369 3480 542 3529 observatione
561 3479 651 3526 iterum
670 3483 769 3526 utemur
783 3477 816 3525 ad
829 3476 905 3527 corri-
955 3492 1010 3525 mus
1023 3491 1091 3525 nunc
1105 3492 1194 3526 cauea:
1210 3482 1235 3525 et
1246 3478 1495 3539 quoeqneridiculurn

370 3560 480 3622 gendum
500 3559 584 3605 locum
605 3562 617 3615 §
636 3558 693 3605 295.
729 3557 768 3604 lta
781 3570 825 3603 noa
838 3569 906 3613 vero,
955 3556 1018 3604 adeo
1032 3562 1083 3613 est,
1099 3554 1141 3603 ubi
1155 3556 1186 3604 de
1200 3570 1251 3603 una
1265 3570 1340 3603 causa
1353 3556 1446 3619 agitur.

371 3644 383 3697 5
398 3640 455 3687 362.
746 3680 756 3695 ,
989 3634 1015 3681 in
1028 3634 1150 3695 [dicendi]
1165 3633 1375 3693 disceptationem.
1393 3636 1495 3681 Nullam

404 3717 462 3766 291.
486 3715 517 3762 de
543 3716 630 3775 quibua
650 3712 747 3773 quidem
765 3710 908 3761 accuratius
955 3711 1014 3761 novi
1043 3712 1141 3760 dicendi
1166 3710 1385 3771 disceptationem,
1414 3726 1495 3773 neque

370 3794 499 3843 cumdum
519 3794 544 3839 ei
558 3790 713 3855 septinarium
720 3791 789 3850 sart.
824 3792 907 3848 Quare
955 3790 1018 3839 aliua
1043 3789 1171 3839 Genitivua
1192 3804 1249 3838 curn
1269 3790 1314 3838 illc
1335 3780 1495 3839 Sub'stantivo

370 3873 427 3930 hic,
442 3878 498 3934 port
515 3870 680 3933 quiquidem,
695 3868 847 3918 indicativus
854 3882 905 3917 sar·
954 3868 1024 3933 iungi
1041 3869 1119 3926 eolat,
1138 3868 1185 3917 nisi
1199 3874 1242 3917 aut
1256 3868 1362 3926 obiecti,
1377 3875 1405 3916 ut
1417 3869 1494 3925 iuris,

370 3957 456 4009 vetur,
484 3949 591 4011 explicui
616 3948 642 3997 in
669 3950 833 4007 Mnemosyne
859 3946 906 3995 IX.
955 3950 997 3995 aut
1017 3946 1080 4005 loci,
1105 3951 1133 3994 ut
1153 3946 1310 3995 iudiciorum.
1351 3948 1495 3998 Delendum

371 4046 396 4092 p.
405 4031 463 4086 209,
478 4043 514 4089 eq.
537 4028 587 4077 Sed
593 4042 644 4075 uon
651 4040 777 4087 assequor,
790 4025 851 4086 qnid
857 4025 906 4073 huc
955 4030 992 4073 est
1003 4025 1109 4073 dicendi.
1128 4027 1201 4082 Mox,
1216 4026 1334 4083 auoloco,
1348 4026 1495 4073 indicendo.

370 4109 494 4171 pertineat
513 4109 540 4155 et
560 4104 726 4167 recitandum.
760 4105 837 4153 Estne
850 4118 905 4153 cor·
991 4102 1058 4163 [πρῲ
1078 4103 1198 4164 quantum
1215 4102 1318 4161 meat,
1340 4104 1369 4150 r'd
1384 4103 1494 4163 refert}

368 4188 485 4249 ruptum?
954 4180 1058 4241 Accipio
1077 4181 1248 4231 auctoritatem
1268 4183 1450 4230 nonnullorum
1464 4180 1493 4227 li·

406 4265 506 4328 [wem]
522 4264 547 4311 et
560 4262 815 4325 arqummiaeauaae.
849 4262 905 4309 Mo·
954 4257 1071 4317 brorum,
1091 4259 1118 4306 in
1138 4258 1227 4321 quibua
1241 4260 1320 4317 haec,
1334 4265 1434 4321 praeter
1448 4274 1494 4320 po·

370 4346 432 4393 lesta
445 4349 484 4391 eat
495 4342 592 4391 iteratio
606 4338 676 4389 Cani.
689 4353 779 4401 qaam:
793 4352 906 4399 quaeque
954 4342 1073 4386 sueinum
1086 4338 1181 4398 refert,
1196 4338 1351 4387 omittuntur.
1370 4340 1427 4387 Non
1441 4337 1495 4400 sgi-

370 4435 438 4471 nnnc
451 4420 607 4476 adiiciuntur,
623 4421 905 4479 ouapemaeunteprae·
954 4420 995 4465 tur
1009 4416 1041 4465 de
1054 4429 1170 4465 mensura
1183 4416 1238 4465 boui
1250 4422 1293 4465 aut
1306 4418 1373 4464 mali.

370 4501 426 4547 ced.
454 4512 543 4561 wem,
571 4510 650 4557 eaque
674 4496 728 4556 ipsa
748 4494 907 4543 continentur
989 4496 1047 4543 292.
1064 4495 1119 4542 boni
1127 4496 1294 4556 qacdlabeat,
1302 4508 1401 4556 nempe,
1409 4508 1492 4541 eausa

371 4574 484 4638 praeced.
499 4574 620 4623 vocabulo
633 4574 721 4621 omnia.
818 4563 823 4566 ’
954 4573 1059 4633 ideoque
1072 4574 1262 4634 repudiandum,
1278 4571 1493 4635 quodEllendtius
