3242 5500
405 544 473 611 110
745 560 858 611 arana
885 560 1035 611 sarnus.
1065 546 1082 626 §
1108 544 1190 611 250.

401 758 505 805 causa
537 732 654 829 aliqua
686 733 731 803 ad
755 758 819 805 nos
843 733 959 805 delata
983 733 1181 818 obscurior,
1208 732 1371 818 difficile,
1398 743 1512 819 credo,

403 844 448 915 sit
485 867 565 914 cum
590 842 655 915 hoc
690 837 887 938 [Scaevola]
915 844 1190 927 communicare3
1217 866 1433 937 quamquam
1457 844 1516 937 ipsi

402 952 539 1037 omnia,
571 975 720 1047 quorum
751 952 933 1047 nogotium
963 960 1036 1037 est,
1063 952 1223 1024 consulta
1246 950 1291 1022 ad
1316 974 1381 1021 nos
1406 959 1440 1022 et
1463 976 1513 1023 er·

403 1060 533 1157 quisita
557 1060 728 1133 deferunt.
756 1057 940 1147 lavero,
966 1062 996 1134 si
1021 1061 1065 1134 de
1089 1062 1244 1158 reipsa,
1270 1060 1300 1132 si
1318 1060 1362 1131 de
1374 1059 1514 1144 finibus,

402 1196 514 1267 quum
550 1171 587 1242 in
620 1195 694 1242 rem
727 1179 948 1266 praesentem
984 1171 1161 1257 venimus,
1199 1170 1229 1242 si
1265 1169 1309 1241 de
1334 1169 1466 1242 tabulis
1487 1181 1515 1241 et

401 1278 716 1378 perscriptionibus
740 1280 974 1352 controversia
998 1288 1068 1365 est,
1091 1288 1265 1351 contortas
1289 1304 1345 1351 res
1370 1287 1406 1351 et
1424 1304 1515 1374 saepe

402 1390 560 1463 difficiles
585 1390 778 1461 necessario
802 1389 1054 1486 perdiscimus,
1088 1390 1118 1461 si
1140 1390 1237 1485 loges
1260 1387 1383 1475 nobis,
1410 1398 1470 1460 aut
1491 1388 1516 1459 si

402 1500 586 1572 hominum
618 1500 812 1595 peritorum
843 1523 1010 1595 responsa
1033 1499 1275 1595 cognoscenda
1299 1506 1404 1584 sunt,
1430 1522 1514 1569 vere·

401 1634 498 1694 mur,
532 1632 577 1679 ne
609 1632 668 1694 ea,
702 1608 732 1679 si
760 1606 804 1680 ab
834 1608 1068 1681 adolescentia
1095 1608 1164 1680 iuri
1188 1608 1283 1681 civili
1307 1608 1428 1679 minus
1453 1615 1515 1679 stu·

402 1718 602 1803 duerimus,
628 1742 699 1789 uon
725 1742 894 1813 queamus
919 1719 1151 1813 cognoscere?

330 1826 375 1893 59
450 1826 551 1899 Nihil
567 1821 643 1921 [ne]
671 1826 782 1922 igitur
805 1827 949 1923 prodest
969 1827 1097 1899 oratori
1121 1826 1207 1897 iuris
1232 1825 1345 1898 civilis
1357 1826 1517 1899 scientia?

402 1936 483 2008 Non
509 1960 652 2033 possum
677 1932 824 2031 negare,
848 1936 1014 2033 prodesse
1033 1936 1142 2007 ullam
1156 1934 1355 2021 scientiam,
1381 1935 1416 2006 ei
1429 1958 1515 2030 prae·

403 2046 539 2132 sertim,
560 2046 660 2117 cuius
681 2045 881 2141 eloquentia
899 2046 999 2141 copia
1015 2069 1133 2117 rerum
1151 2044 1277 2117 debeat
1295 2068 1371 2115 esse
1387 2052 1516 2116 ornata:

402 2155 465 2227 sed
512 2156 624 2227 multa
671 2162 705 2227 et
748 2179 877 2251 magna
934 2162 969 2230 et
1021 2155 1177 2227 difficilia
1219 2161 1302 2225 sunt
1343 2178 1402 2239 ca,
1439 2177 1517 2248 quae

403 2274 486 2337 sunt
522 2265 648 2338 oratori
685 2266 897 2350 necessaria,
934 2273 975 2336 ut
1011 2265 1087 2336 eius
1122 2264 1333 2336 industriam
1364 2264 1403 2334 in
1429 2264 1518 2357 plura

329 2404 374 2452 251
402 2376 518 2447 studia
550 2375 697 2447 distrahi
721 2374 842 2446 nolim.
896 2375 987 2450 Quis
1012 2382 1138 2469 neget,
1163 2398 1253 2469 opus
1278 2397 1354 2444 esse
1376 2372 1514 2455 oratori,

400 2485 437 2556 in
459 2485 528 2557 -hoc
550 2485 699 2556 oratorio
723 2489 823 2555 motu
847 2490 1032 2578 statuque,
1058 2483 1178 2554 Roscii
1201 2489 1342 2578 gestum
1368 2490 1514 2553 etvenu-

403 2595 553 2666 statem?
586 2600 703 2665 tamen
735 2616 839 2664 nemo
876 2594 1022 2665 suaserit
1051 2592 1219 2664 studiosis
1243 2591 1386 2663 dicendi
1410 2591 1516 2663 adole·

403 2702 598 2790 mentibus
617 2703 772 2799 ingestu
788 2697 987 2798 [discendo]
1004 2701 1216 2775 histrionum
1229 2725 1325 2773 more
1338 2700 1515 2773 elaborare.

404 2815 502 2890 Quid
526 2822 578 2886 est
603 2813 731 2885 oratori
755 2825 829 2885 tam
858 2812 1113 2898 necessarium,
1139 2835 1245 2908 quam
1270 2807 1363 2882 vox?
1387 2819 1517 2893 tamen,

403 2949 459 2996 me
492 2930 649 3008 auctore,
676 2947 779 2993 nemo
804 2921 945 2993 dicendi
971 2921 1167 3007 studiosus,
1194 2921 1409 2993 Graecorum
1433 2942 1518 2991 more

402 3033 649 3128 tragoedorum
687 3031 763 3102 voci
815 3031 959 3117 serviet,
1004 3031 1067 3126 qui
1109 3038 1144 3102 et
1181 3053 1291 3102 annos
1328 3030 1517 3126 complures

404 3141 563 3214 sedentes
598 3139 838 3225 declamitant,
875 3147 910 3212 et
946 3140 1120 3236 quotidie,
1155 3147 1344 3234 antequam
1369 3161 1516 3235 pronun·

404 3417 547 3478 ceperimus.
565 3415 649 3462 Unum
663 3413 711 3461 hoc
724 3412 864 3475 urgendum
878 3417 939 3469 erat,
1023 3413 1050 3458 ia
1062 3414 1134 3475 qesta
1149 3411 1288 3472 [discendo]
1303 3411 1452 3460 histrionum
1462 3423 1520 3458 mue

403 3497 482 3556 ipsos,
497 3495 513 3540 i.
528 3508 550 3542 e.
565 3507 609 3540 sua
622 3496 725 3553 sponte,
740 3490 837 3538 deferre
851 3493 939 3539 solere.
990 3491 1124 3538 elaborare.
1158 3487 1276 3537 Probavit
1300 3489 1441 3550 Kayserns,
1462 3487 1520 3549 quod

404 3574 496 3637 Igitur,
514 3572 647 3620 delendum
660 3570 759 3619 videtur
772 3570 861 3617 omnia.
990 3568 1115 3626 dixeram,
1136 3566 1251 3616 discendo
1267 3567 1447 3629 interpolatum
1460 3581 1519 3621 esse,

438 3667 470 3699 aa
483 3665 547 3700 vcro.
574 3651 605 3698 In
619 3650 666 3697 hac
677 3648 848 3711 interrogandi
859 3646 941 3695 forma
990 3647 1058 3708 quod
1083 3651 1204 3708 perpetuo
1231 3645 1326 3693 dicatur
1349 3646 1377 3694 in
1397 3648 1520 3709 aliquare

404 3731 470 3778 idern
483 3727 603 3778 habemus
617 3741 705 3789 supra,
721 3731 733 3785 ξ
749 3727 789 3776 37.
990 3724 1519 3786 clamaraipsumquchoe,inperiosus,

437 3821 512 3870 qaam
532 3809 559 3855 ia
578 3821 631 3854 rem
646 3805 805 3866 praesentem
824 3805 940 3854 venimus.
988 3805 1094 3852 recurrit
1111 3809 1182 3861 mo'x,
1198 3805 1276 3861 5252.
1295 3803 1361 3860 Sed,
1375 3803 1451 3862 iniis,
1465 3813 1521 3862 qnae

405 3888 453 3936 Hic
474 3900 571 3948 quoque
591 3885 647 3933 tolli
666 3889 781 3948 oportere
801 3897 864 3940 non,
883 3887 941 3930 ante
989 3887 1134 3942 sequuntur,
1148 3881 1226 3930 verba
1239 3881 1335 3929 dicendi
1345 3882 1519 3930 studiosasser-

402 3967 526 4022 *terimam
540 3963 604 4012 bene
617 3962 693 4010 sensit
706 3963 833 4010 Ernestus.
988 3961 1072 4009 vando
1091 3965 1161 4009 sunt:
1183 3965 1209 4007 et
1227 3964 1300 4008 tueor
1316 3960 1382 4008 hanc
1396 3959 1519 4008 eorrectio·

438 4041 805 4105 niii1[ae]ipitrrprodest-.
818 4038 939 4088 lnhuius·
990 4053 1061 4096 nem,
1085 4038 1235 4086 Graecorum
1255 4054 1322 4087 nrore
1340 4039 1520 4102 deposcimur,

404 4123 472 4173 modi
491 4120 659 4183 interrogandi
673 4119 790 4175 consilio,
805 4131 882 4178 quum
895 4116 939 4165 ob-
990 4132 1067 4179 qunm
1081 4119 1157 4180 vulgo
1171 4116 1277 4176 feratur,
1292 4115 1390 4165 duabus
1403 4117 1479 4166 literis
1488 4114 1519 4164 vi·

404 4203 476 4251 iectio
490 4201 603 4262 fingitur,
629 4199 692 4247 solet
704 4197 783 4245 omitti
796 4195 886 4245 Psrtic.
901 4211 940 4266 ae.
989 4197 1024 4244 tio
1037 4196 1139 4252 iteratis,
1152 4196 1446 4258 moreertraqoecama
1460 4193 1521 4256 qussi

438 4279 554 4328 distrahi.
594 4277 789 4327 Adsciscendum
812 4276 861 4324 hoc
880 4274 942 4322 mihi
992 4273 1082 4322 Graeci
1095 4279 1121 4322 et
1134 4274 1245 4338 trapcedi
1258 4274 1427 4338 distinguendi
1438 4276 1520 4322 essent.

405 4359 541 4408 videbatur*
554 4371 568 4406 e
588 4355 714 4404 nonnullis
724 4353 802 4412 libris
816 4369 862 4415 pro
868 4355 940 4416 vulg.
990 4355 1048 4402 Non
1064 4353 1111 4401 nisi
1125 4353 1236 4414 &aroedi
1248 4353 1275 4400 in
1287 4353 1337 4400 hoe
1351 4367 1445 4416 genere
1458 4355 1521 4400 erant

404 4437 553 4486 donatore.
990 4432 1212 4489 commemorandi,
1226 4435 1280 4490 att
1296 4433 1359 4490 128,
1373 4445 1421 4479 cos
1431 4434 1520 4495 trapae-

438 4518 496 4564 251.
521 4516 576 4576 quis
594 4514 673 4578 repet.
715 4511 858 4574 Corrigam,
886 4514 942 4574 quis
990 4511 1084 4558 domm.

406 4597 478 4658 nepot
492 4614 538 4640 —-:
554 4592 620 4640 conf.
636 4592 693 4649 adt
711 4591 733 4641 7.
1023 4603 1100 4636 aanor
1127 4591 1262 4650 complures
1280 4588 1395 4636 sedentes
1414 4588 1521 4637 declam·
