3242 5500
433 569 545 617 urana
571 569 773 620 snouxnos.
802 553 820 631 §
848 549 928 620 lat.
1177 553 1242 620 195

123 767 200 837 erga
222 741 343 825 illum,
369 765 433 836 pro
458 765 528 836 quo
549 741 641 812 dicet
662 737 807 835 oratorl.
854 742 1099 814 Conciliantur
1123 751 1241 814 autem

122 852 224 923 animi
260 850 430 945 dignitate
462 850 635 935 hominia,
674 849 779 922 rebus
817 850 946 946 gestis,
983 850 1241 923 existimatione

120 961 223 1044 vitae;
264 982 355 1055 quae
393 959 530 1032 facilius
568 960 683 1031 ornari
720 968 890 1056 possunt,
931 961 960 1031 si
997 960 1102 1031 modo
1137 969 1240 1045 sunt,

121 1093 221 1164 qnam
262 1069 372 1164 fingi,
409 1068 438 1139 si
481 1069 579 1140 nulla
616 1076 708 1141 sunt.
774 1069 840 1140 Sed
876 1069 960 1141 haec
996 1068 1163 1141 adiuvant
1204 1071 1240 1140 in

120 1186 271 1263 oratore,
319 1179 443 1250 lenitas
480 1179 594 1263 vocis,
632 1179 753 1251 vultus
789 1174 954 1274 pudor[is
991 1174 1241 1274 significatiol,

119 1286 300 1359 verborum
328 1288 494 1373 eomitas3
528 1289 558 1359 si
588 1288 676 1384 quid
699 1311 909 1384 persequare
931 1288 1064 1373 aerius,
1091 1296 1132 1359 ut
1151 1288 1240 1360 invi-

118 1406 172 1467 tus
203 1404 237 1468 et
271 1405 412 1468 coaetus
440 1397 553 1470 faeere
584 1398 743 1482 videare,
770 1396 967 1482 facilitatis,
1003 1397 1240 1482 liberalitatis,

118 1506 415 1592 mansuetudinis,
448 1507 609 1603 pietatis,
641 1507 732 1602 grati
762 1507 892 1592 animi,
925 1531 996 1577 non
1022 1508 1240 1603 appetentis,

118 1639 184 1685 non
220 1615 315 1686 avidi
353 1616 457 1711 signa
490 1617 636 1712 proferri
664 1611 945 1712 [perutile-est],
972 1641 1082 1712 eaque
1104 1617 1241 1702 omnia,

118 1749 202 1818 quae
229 1724 441 1821 proborum,
473 1726 724 1811 demissorum,
757 1749 829 1796 non
859 1726 1012 1811 aerium,
1039 1749 1109 1796 non
1136 1727 1240 1822 perti·

117 1834 271 1919 nauium,
309 1858 381 1905 non
406 1834 661 1930 litigiosorum,
687 1859 758 1906 non
784 1833 986 1906 acerborum
1013 1844 1116 1921 sunt,
1143 1835 1242 1906 valde

116 1942 391 2015 benevolentiam
415 1944 620 2030 conciliant,
646 1943 918 2041 abalienantque
939 1944 983 2015 ab
1009 1945 1071 2029 iis,
1103 1945 1140 2015 in
1164 1945 1240 2039 qui·

116 2051 178 2124 bus
212 2053 300 2125 haec
333 2077 404 2124 non
443 2063 541 2125 sunt:
577 2053 699 2149 itaque
741 2054 862 2125 eadem
897 2062 980 2125 sunt
1012 2054 1048 2124 in
1082 2054 1241 2126 adversa·

116 2163 179 2234 rios
215 2187 259 2234 ex
295 2163 469 2235 contrario
510 2163 730 2235 eonferenda.
783 2163 853 2234 Sed
890 2187 1002 2258 genus
1040 2163 1314 2235 hoctotum183

116 2271 276 2344 orationis
309 2272 347 2343 in
372 2273 415 2344 iis
440 2272 554 2344 causis
580 2272 737 2358 excellit,
765 2273 800 2342 in
828 2272 957 2368 quibus
983 2273 1100 2344 minus
1126 2281 1241 2369 potest

115 2381 321 2453 inflammari
356 2382 495 2453 animus
532 2380 658 2454 iudicis
694 2381 765 2453 aori
802 2389 838 2452 et
867 2381 1063 2454 vehementi
1089 2382 1241 2478 quadam

114 2489 323 2562 incitatione.
373 2491 454 2561 Non
490 2491 584 2562 enim
615 2515 752 2587 semper
780 2491 881 2564 fortis
906 2493 1015 2564 oratio
1040 2492 1239 2587 quaeritur,

116 2599 171 2670 sed
210 2625 318 2696 saepe
356 2599 514 2695 placida,
559 2601 765 2685 summissa,
809 2602 919 2686 lenis,
958 2625 1047 2697 quae
1088 2602 1240 2673 maxime

115 2709 335 2783 commendat
365 2733 461 2796 reos,
505 2714 595 2797 (reos
626 2718 744 2783 autem
770 2710 909 2811 appello
936 2735 1005 2783 non
1032 2734 1089 2783 eos
1115 2711 1237 2796 modo,

115 2821 170 2915 qui
194 2828 416 2916 arguuntur,
443 2820 505 2893 sed
530 2803 1235 3001 (ww-Q:

115 2930 159 3002 sic
191 2932 290 3002 enim
326 2930 410 3001 olim
448 2931 717 3027 loquebantur):
757 2930 881 3002 horum
913 2931 1022 3026 igitur
1044 2955 1238 3025 exprimes
1265 2938 1312 2982 184

140 3027 597 3069 Ἤ

112 3269 274 3319 imdteetiam
281 3274 372 3319 orator
378 3271 544 3333 praemittitur
552 3272 597 3328 his,
601 3285 652 3331 pro
700 3271 788 3319 melius
808 3272 935 3319 adfinem
955 3284 1033 3331 usque
1050 3271 1238 3328 continuantur,

113 3362 156 3408 qao
168 3348 234 3397 dicet
247 3352 346 3397 orator.
700 3349 869 3410 finiunturque
890 3349 944 3407 his,
962 3350 1032 3399 valde
1051 3350 1238 3398 benevolentiam

142 3428 222 3475 veru
236 3428 365 3489 pudor[r'a
386 3429 558 3491 aipmfleatio}
593 3430 652 3489 Ipsa
700 3428 842 3476 molliant.
974 3484 976 3487 ¹

113 3506 276 3563 concinnitas,
300 3520 376 3567 quam
396 3506 450 3554 sine
470 3505 546 3554 dubio
566 3506 593 3553 in
613 3506 651 3553 bis
735 3508 791 3555 183.
809 3519 865 3553 reor
884 3507 966 3552 autem
979 3506 1075 3565 appello
1087 3532 1128 3551 -.
1164 3506 1237 3554 Conf.

113 3596 204 3645 qaoque
226 3587 313 3633 colere
326 3584 407 3632 voluit
420 3584 522 3640 Cicero,
543 3584 649 3641 indicat,
700 3586 731 3633 ad
746 3590 764 3646 t¹
774 3583 813 3634 78.
832 3585 926 3632 lterum
940 3584 1078 3631 inculcatur
1092 3583 1139 3631 hoc
1154 3588 1166 3641 ξ
1179 3585 1236 3632 321.

112 3661 193 3711 vitiose
212 3663 278 3711 haee
298 3662 438 3720 enuntiari,
454 3668 479 3710 et
492 3663 573 3710 minus
586 3668 650 3711 tem·
735 3664 790 3711 184.
810 3676 865 3709 cum
884 3674 957 3709 sensu
979 3662 1123 3709 tractatum.
1158 3662 1237 3709 Intel-

112 3741 202 3799 patin
221 3747 262 3789 est
281 3740 424 3790 observatio
444 3741 550 3803 duplicis
574 3741 649 3789 Geni·
698 3740 754 3803 ugit
766 3754 845 3802 genus
859 3739 975 3787 orationis
989 3739 1074 3791 ἠθικὸν.

112 3817 166 3876 tivi,
180 3832 229 3880 quo
243 3818 404 3868 liberandum
418 3832 472 3867 esre
484 3821 568 3868 locum
580 3822 650 3877 §333
735 3820 846 3880 [tantam
866 3819 948 3865 autem
968 3818 1075 3880 efficitur
1090 3844 1124 3853 —
1137 3832 1189 3865 erae
1202 3820 1238 3865 ot·

112 3898 151 3943 tin.
167 3899 341 3946 ostendemus.
375 3898 424 3945 Sed
436 3898 490 3958 ipsa
502 3898 651 3961 atpm'ficatto
698 3897 828 3958 deonna]
855 3895 1022 3955 Quamobrem
1034 3901 1101 3945 totus
1114 3895 1155 3944 bic
1168 3897 1238 3945 loeus

112 3972 166 4021 bine
184 3977 268 4024 aliena
288 3981 343 4032 est,
365 3976 481 4036 quoniam
501 3975 555 4037 ipse
568 3976 650 4023 vultus
698 3975 887 4024 mihiinsititius
901 3975 1094 4033 attondeatur,
1110 3975 1236 4037 explican-

112 4053 242 4115 signifieat,
258 4055 415 4112 autonomi,
430 4054 648 4115 quiindieessunt:
698 4054 758 4101 dum
772 4059 817 4102 est.
853 4054 978 4112 Primum,
994 4069 1045 4102 non
1058 4054 1236 4117 negligendum

113 4132 174 4181 conf.
186 4134 263 4190 infra,
279 4134 331 4181 111.
348 4138 360 4191 ξ
375 4134 432 4180 221.
446 4135 515 4181 Orat.
525 4134 590 4192 §602
604 4148 650 4181 ne·
698 4132 747 4179 hoe
767 4137 818 4189 est,
840 4146 916 4193 quum
931 4133 962 4180 ad
977 4134 1074 4181 tertiam
1088 4138 1196 4195 partem,
1210 4133 1236 4179 in

112 4223 155 4269 qne
162 4213 272 4272 pudoris
283 4212 435 4275 aipmfiaata'o
445 4212 548 4274 cogitari
559 4217 648 4273 potest,
699 4215 711 4269 §
729 4212 791 4268 185,
812 4215 936 4267 transeat,
952 4226 1014 4271 quae
1029 4216 1067 4259 est
1079 4210 1235 4259 musitando-

112 4290 222 4347 quoniam
231 4291 322 4351 pudor
334 4290 387 4350 ipse
394 4290 649 4352 signumetindicium
697 4301 755 4335 ram
775 4289 913 4346 bominum,
933 4289 1013 4350 aptius
1028 4304 1080 4337 esse
1094 4293 1122 4337 ut
1134 4301 1235 4349 praece·

112 4368 180 4415 animi
193 4377 240 4426 est,
255 4368 283 4416 in
298 4368 548 4429 valtuconspieuum.
566 4369 650 4416 Paruit
698 4367 760 4415 dens
786 4367 920 4427 disputatio
944 4368 1107 4415 concludatur
1126 4366 1237 4428 generali

111 4446 167 4493 mihi
179 4448 323 4508 Kayserus,
337 4446 590 4507 etinterpolationem
604 4461 648 4493 un·
699 4446 804 4506 quadam
832 4442 1004 4494 observatione
1032 4451 1057 4493 et
1077 4444 1235 4493 commenda-

111 4524 167 4572 m'nis
181 4526 313 4573 indicavit.
697 4523 780 4580 tione,
809 4537 872 4584 qnae
899 4524 973 4572 modo
1000 4522 1174 4571 absolvebatur
1198 4522 1236 4569 his
1269 4562 1272 4569 Δ

142 4604 267 4663 [perutile
280 4603 344 4663 eat}
368 4603 412 4651 His
425 4600 540 4659 sublatis,
554 4603 649 4664 reliqua
697 4601 792 4659 verbis,
806 4604 836 4649 ut
849 4616 921 4661 saepe
929 4604 997 4663 plus,
1012 4616 1084 4661 qaam
1098 4612 1179 4658 tauro,
1194 4614 1235 4647 aa·
