3242 5500
437 567 552 616 niune
578 567 777 619 securene,
805 553 823 632 §
850 550 932 620 225.
1087 645 1091 651 ⁶
1177 553 1247 622 215

129 736 203 810 duci
230 736 351 811 nieles?
386 734 490 834 [qnid
507 738 698 812 ncaioribrts
718 735 831 835 tnisl]
859 740 946 835 qnid
965 737 1008 812 L.
1032 739 1163 824 Bruto,
1189 743 1250 837 qai

129 845 209 918 lune
231 847 403 941 popnlnrn
435 847 617 921 dominata
638 847 732 947 nepio
755 848 940 922 liberauit?
964 849 1051 945 qnid
1069 863 1100 924 te
1123 851 1249 942 apere?

128 954 179 1026 cni
204 953 274 1035 rei,
306 956 364 1030 cni
381 957 530 1053 ploriae,
554 956 612 1030 cni
629 956 754 1030 nirtnti
788 957 949 1031 sembra?
982 955 1250 1056 Patrimonione

128 1063 302 1161 cupam?
335 1077 374 1138 at
406 1066 448 1139 id
475 1090 546 1140 non
569 1079 620 1138 est
641 1064 857 1148 nobilitatis;
882 1066 942 1140 sed
954 1062 1020 1161 fae
1043 1091 1134 1149 esse;
1160 1067 1251 1142 nibil
1274 1095 1322 1141 ess

128 1187 297 1267 superum
335 1174 493 1250 libidines
520 1187 631 1247 totam
659 1174 937 1270 dissipaverant:
963 1201 1011 1248 an
1032 1175 1103 1250 inii
1126 1176 1249 1252 cirili?

127 1295 172 1356 est
196 1295 261 1378 pat
261 1308 406 1358 ernam:
439 1283 502 1358 scd
519 1283 663 1358 dicettc
644 1309 812 1378 equam
831 1285 930 1382 aedes
951 1284 1123 1367 venderes,
1149 1311 1191 1358 αθ
1211 1285 1251 1360 in

126 1391 211 1495 ontis
239 1392 380 1514 quidem
408 1406 441 1466 et
467 1393 578 1466 caesis
609 1392 734 1466 solinrn
764 1392 830 1466 tibi
848 1405 1033 1488 paternnrn
1053 1394 1249 1490 reliquisse:

126 1525 169 1573 an
195 1501 247 1573 rei
278 1489 472 1574 militari?
487 1499 548 1598 qni
578 1527 769 1625 numquam
794 1515 913 1575 castra
936 1501 1090 1576 rideris?
1114 1528 1162 1578 an
1182 1503 1248 1577 elo·

125 1608 305 1703 quentiae?
337 1635 424 1705 quac
456 1635 563 1735 neque
595 1622 646 1684 est
676 1610 717 1684 in
748 1624 801 1697 t,e
827 1623 877 1695 et,
902 1611 1073 1707 qnidqnid
1090 1625 1141 1686 est
1160 1613 1250 1686 noeis

125 1718 464 1816 relinquendane
487 1719 528 1793 in
548 1720 595 1793 ist
594 1744 655 1792 nm
674 1719 915 1843 turpissimum
934 1720 1129 1794 calumniae
1147 1746 1249 1817 qnae·

125 1839 210 1900 stam
237 1828 427 1901 contulisti.
477 1828 531 1901 Ta
562 1828 669 1902 lucem
697 1829 850 1923 aspicere
878 1829 1012 1902 arides?
1048 1843 1086 1902 ta
1115 1830 1209 1904 los
1195 1857 1248 1905 in·

125 1935 229 2010 note
248 1950 290 2009 tn
301 1936 344 2010 in
357 1935 456 2031 soro,
476 1950 515 2010 tn
533 1937 572 2012 in
588 1936 683 2020 arbe,
702 1950 741 2011 ta
757 1938 797 2012 in
812 1939 940 2012 cirinen
956 1963 1027 2012 osse
1042 1939 1249 2035 conspecta?

124 2057 159 2117 tn
185 2045 287 2120 illam
316 2058 509 2127 mortuam,
533 2058 573 2118 tn
593 2046 763 2144 irnapines
784 2047 882 2142 ipsas
904 2072 974 2122 non
991 2048 1249 2142 perhorrescis?

122 2153 238 2248 quibus
266 2180 339 2227 non
368 2153 469 2228 inodo
498 2155 697 2240 imitandis,
735 2155 797 2230 sed
820 2180 862 2230 αθ
882 2156 1089 2232 collocandis
1111 2157 1249 2253 quidone

124 2262 184 2336 tibi
201 2263 316 2338 allans
342 2264 453 2338 locans
471 2263 653 2360 reliquisti.

166 2373 234 2445 Sed
268 2372 355 2446 haee
387 2373 519 2469 tragica
550 2382 657 2470 etque
681 2373 818 2446 divina:
846 2373 958 2446 faceta
982 2382 1159 2448 autemst
1186 2393 1242 2448 ur·
1271 2385 1316 2454 56

124 2479 210 2556 bena
238 2482 513 2556 innumerabilia
544 2508 588 2556 ex
622 2508 693 2556 una
714 2484 878 2557 contione
895 2483 1116 2558 meministis.
1171 2486 1246 2558 Nec
1271 2510 1319 2561 set

124 2591 213 2664 enim
235 2592 348 2665 maior
362 2593 550 2666 'contentio
570 2616 739 2689 umquam
764 2592 853 2678 fuit,
879 2616 944 2664 nec
961 2593 1057 2688 apud
1074 2594 1246 2690 populum

123 2702 255 2797 gravior
278 2701 410 2788 oratio,
436 2727 544 2800 quam
566 2701 672 2777 huius
696 2710 818 2775 contra
841 2701 1012 2797 collegam
1037 2702 1073 2775 in
1100 2721 1247 2777 censura

123 2835 250 2907 nuper,
290 2836 407 2908 neque
441 2813 561 2908 lepore
596 2821 632 2885 et
666 2812 855 2885 festivitate
889 2812 1073 2884 conditior.
1127 2814 1246 2889 Quare

122 2919 201 3008 tibi,
236 2920 396 3007 Antoni,
433 2930 623 3017 utrumque
649 2922 841 3009 assentior,
867 2929 903 2994 et
926 2921 1078 2993 inultum
1103 2921 1245 2995 facetias

122 3029 155 3102 in
190 3030 342 3103 dicendo
377 3031 543 3127 prodesse
578 3056 700 3127 saepe,
739 3040 774 3104 et
809 3056 867 3103 eas
903 3039 977 3104 erte
1012 3030 1111 3103 nullo
1141 3031 1246 3103 modo

121 3163 218 3233 posse
249 3139 354 3212 tradi.
416 3140 513 3212 Illud
548 3140 693 3235 quidem
726 3140 897 3226 admiror,
935 3149 970 3213 te
1007 3139 1110 3211 nobis
1142 3140 1178 3211 in
1205 3164 1246 3212 eo

120 3273 243 3342 genere
266 3247 435 3322 tribuisse
457 3256 617 3335 tantum,
644 3264 680 3321 et
702 3273 773 3321 non
798 3249 905 3321 huius
930 3250 981 3321 rei
1005 3274 1147 3345 quoque
1172 3249 1246 3345 pal·

120 3381 227 3444 mem,
253 3367 297 3431 ut
321 3366 531 3445 ceterarum,
559 3358 685 3430 Crasso
712 3358 892 3431 detulisse.
931 3358 1021 3429 'lum
1049 3358 1244 3444 Antonius,
1271 3392 1317 3438 ns

119 3466 190 3563 Ego
223 3492 307 3539 vero
343 3469 393 3541 ita
426 3468 607 3553 fecissem,
643 3467 780 3563 inquit,
817 3467 887 3540 nisi
910 3467 1089 3539 interdum
1111 3468 1149 3539 in
1179 3466 1245 3539 hoe

119 3575 239 3649 Crasso
261 3577 423 3673 paullum
442 3578 645 3649 inviderem.
694 3578 786 3648 Nam
810 3600 885 3648 esse
910 3576 1068 3671 quemvis
1092 3575 1245 3650 facetum

117 3694 218 3782 etque
243 3688 377 3761 salsum
402 3713 474 3759 non
498 3687 605 3759 nimis
630 3694 682 3758 est
706 3710 768 3782 per
795 3710 832 3758 se
855 3686 971 3782 ipsum
996 3684 1244 3770 invidendum,

118 3796 193 3883 sed,
224 3823 339 3893 quum
361 3799 520 3870 omnium
545 3797 591 3869 sit
614 3795 884 3869 venustissimus
909 3803 943 3868 et
968 3794 1244 3881 urbanissimus,

116 3907 273 3979 omnium
298 3908 543 4003 gravissimum
569 3914 604 3978 et
629 3906 886 3979 severissimum
910 3912 943 3977 et
954 3929 1041 3991 esse,
1063 3912 1098 3976 et
1115 3904 1242 3990 videri,

1001 4057 1030 4115 ὁ

115 4198 230 4249 ancisus
243 4206 368 4250 servitu.
736 4204 794 4249 228.
813 4214 870 4249 nam
889 4214 940 4247 osee
954 4202 1062 4261 quamne
1070 4200 1186 4260 facetum
1201 4228 1241 4246 —-.

82 4266 88 4279 ’
145 4281 200 4329 227.
218 4293 252 4327 θα
265 4295 317 4327 ana
330 4281 449 4329 mnne.
470 4282 529 4329 lure
542 4287 652 4342 spretum
703 4280 777 4338 Quod
787 4278 896 4328 Antonio
905 4275 1241 4334 eonferendumvidebetur,

115 4361 149 4403 ea
160 4358 283 4414 alterum,
306 4359 477 4406 eonlmtiono:
493 4358 561 4407 conf.
576 4363 588 4417 5
603 4360 653 4407 230
701 4358 750 4405 hoc
770 4362 838 4414 erat,
860 4362 887 4405 ut
906 4356 972 4405 idem
987 4364 1012 4405 et
1025 4355 1203 4412 facetissimus,
1218 4364 1244 4404 et
1362 4364 1374 4393 o

114 4437 208 4484 strat.
447 4444 452 4452 “
608 4454 614 4461 ·
701 4436 860 4499 gravissimus
887 4434 1029 4485 haberetur.
1072 4434 1132 4481 ldeo
1153 4432 1242 4481 dixisse
1350 4422 1387 4511 lh

143 4513 206 4561 ilerd
232 4515 333 4576 quidem
355 4516 474 4563 admiror.
516 4514 653 4564 Praestabit
701 4519 839 4576 cumputo,
856 4511 1244 4576 mmesseqnomoisfaoelnm-
1279 4476 1333 4541 ql*
1349 4494 1365 4590 ζ

113 4590 195 4639 maor.
700 4594 874 4648 invidendum
887 4591 944 4649 sod,
960 4570 1114 4653 qnidfflnm
1122 4615 1162 4637 --.
1182 4592 1242 4639 Per·
1329 4596 1332 4619 ³
1355 4609 1386 4675 q

961 4676 1000 4693 ..-

967 4760 1035 4911 t<
