3242 5500
430 536 541 585 arana
568 537 704 585 ruinas
733 520 749 599 ς
778 519 859 587 191.
1024 591 1030 601 .
1162 520 1204 587 81

41 750 44 755 ·
99 718 190 803 atque
214 707 378 792 uberem,
405 733 511 803 quam
537 707 714 780 difficilem
740 717 845 804 atque
865 708 1060 781 obscuram.
1088 709 1207 804 Atque

100 820 216 890 interea
239 824 378 904 tamen,
409 817 495 888 dum
520 816 623 903 haec,
651 842 740 912 quae
766 817 923 914 dispersa
947 824 1049 902 sunt,
1075 841 1206 913 coguu-

100 937 164 1013 tur,
188 926 241 997 vel
265 926 396 1021 passim
422 925 502 997 licet
526 934 726 1022 carpentem
751 935 786 999 et
806 926 1030 1023 colligentem
1050 927 1209 1023 undique

101 1035 212 1131 repleri
238 1035 328 1106 iusta
353 1035 440 1107 iuris
465 1035 576 1107 civilis
603 1036 760 1108 scientia.

143 1146 265 1215 Nonne
298 1143 443 1231 videtis,
478 1144 634 1239 equitem
667 1140 889 1232 Romanum,
924 1144 1103 1218 hominem
1129 1169 1209 1217 acu·
1235 1159 1283 1228 43

101 1254 225 1325 tissima
257 1254 417 1326 omnium
450 1254 614 1349 ingenio,
650 1254 712 1326 sed
748 1254 895 1326 minime
927 1258 1051 1327 ceteris
1075 1254 1211 1327 artibus
1239 1272 1279 1320 iu

101 1363 287 1448 eruditum,
315 1363 355 1434 C.
384 1362 616 1449 Aculeonem,
643 1362 704 1458 qui
730 1387 869 1435 mecum
893 1364 980 1435 vivit
1005 1387 1212 1460 semperque

102 1472 197 1557 vixit,
222 1474 273 1545 ita
298 1480 417 1545 tenere
442 1473 498 1545 ius
523 1462 642 1557 civile,
669 1479 708 1544 ut
733 1472 786 1557 ei,
813 1496 924 1569 quum
948 1472 1071 1545 abhoc
1085 1472 1213 1544 disces·

103 1582 224 1666 seritis,
252 1606 356 1653 nemo
381 1582 425 1653 de
449 1582 511 1667 iis,
538 1582 600 1677 qui
616 1581 821 1677 peritissimi
837 1590 937 1668 sunt,
957 1582 1213 1679 anteponatur?

103 1690 221 1761 Omnia
252 1698 334 1763 sunt
364 1691 458 1763 enim
483 1691 597 1786 posita
622 1698 702 1762 ante
725 1691 867 1777 oculos,
892 1691 1059 1763 collocata
1082 1692 1118 1763 in
1145 1715 1214 1762 usu
1240 1709 1283 1755 1⁰2

102 1799 318 1895 quotidiano,
353 1800 391 1871 in
423 1800 669 1895 congressione
701 1799 886 1871 hominum
917 1808 1023 1896 atque
1054 1800 1091 1871 in
1117 1800 1211 1884 foro;

103 1934 206 2004 neque
233 1909 284 1979 ita
308 1908 428 1981 multis
453 1908 563 1981 literis
588 1916 649 1980 aut
673 1907 912 1981 voluminibus
937 1910 1076 2005 magnis
1101 1911 1213 1982 conti·

104 2026 240 2091 nentur:
277 2018 399 2091 eadem
434 2018 529 2089 enim
564 2018 655 2089 elata
688 2025 771 2091 sunt
804 2017 960 2113 primum
984 2042 1005 2091 a
1030 2018 1212 2115 pluribuS,

103 2127 239 2213 deinde,
280 2127 401 2223 paucis
438 2126 552 2199 verbis
588 2126 834 2212 commutatio,
872 2127 978 2199 etiarn
1011 2126 1055 2199 ab
1087 2127 1214 2201 iisdem

103 2236 322 2333 scriptoribus
357 2236 486 2331 scripta
519 2244 602 2308 sunt
636 2236 785 2332 saepius
838 2235 984 2308 Accedit
1018 2258 1287 2332 vero,qu01aa

104 2347 229 2418 facilius
280 2346 411 2442 percipi
459 2346 692 2441 cognoscique
728 2346 783 2416 ius
820 2345 921 2416 civile
956 2347 1068 2441 possit
1106 2344 1216 2441 (quod

104 2456 239 2527 minime
265 2456 425 2551 plerique
449 2454 701 2541 arbitrantur),
726 2454 815 2526 mira
839 2453 1012 2549 quaedam
1037 2455 1073 2526 in
1087 2478 1215 2549 cogno·
1387 2547 1402 2581 f
1490 2490 1586 2592 slfc

1344 2566 1347 2570 ’
1409 2556 1457 2613 '1⁴³
1528 2555 1558 2586 (ι
1581 2557 1590 2616 s

106 2564 225 2635 scendo
238 2564 392 2636 suavitas
403 2571 437 2635 et
450 2563 646 2637 delectatio.
662 2564 767 2649 Nam,
782 2564 854 2634 sive
862 2588 969 2659 quem
977 2562 1061 2636 haec
1071 2564 1219 2636 Aeliana
1250 2532 1290 2634 σί
1305 2538 1408 2665 5191

106 2674 213 2746 studia
237 2674 431 2758 delectant,
457 2673 610 2769 plurim-a
634 2681 687 2743 est
711 2672 802 2744 etin
828 2673 925 2743 omni
950 2672 1025 2744 iure
1046 2672 1160 2759 civili,
1186 2680 1220 2744 et
1240 2657 1288 2758 ss
1455 2661 1461 2674 '

108 2785 140 2855 in
159 2785 366 2880 pontificum
384 2782 500 2868 libris,
527 2784 612 2855 etin
625 2781 812 2855 duodecim
825 2781 976 2868 tabulis,
999 2783 1219 2878 antiquitatis
1232 2769 1523 2867 olianusfl‘wz
1589 2826 1591 2837 ·

107 2895 254 2990 effigies,
283 2892 380 2990 quod
404 2901 439 2964 et
462 2891 646 2964 verborum
670 2893 783 2987 prisca
806 2899 959 2964 vetustas
981 2893 1335 3018 cognoscitur,„7„0b7
1348 2849 1457 2965 “affinia
1470 2878 1549 2927 ew
1566 2942 1576 2973 l

107 3013 137 3075 et
181 3004 362 3076 actionum
406 3025 535 3097 genera
578 3000 750 3096 quaedam
788 3001 961 3072 maiorum
996 3001 1225 3074 eonsuetudi-
1242 3023 1339 3095 [aare
1352 3007 1449 3100 qam
1463 2973 1540 3047 ‘w'
1556 2972 1591 3010 '⁴'

108 3138 182 3185 nem
203 3114 386 3207 vitamque
420 3110 615 3183 declarent:
653 3111 725 3182 sive
758 3110 838 3205 quis
871 3109 1008 3182 civilem
1041 3111 1224 3183 scientiam
1252 3118 1451 3198 {manser
1488 3100 1491 3104 ⁴

110 3226 225 3318 (quarn
268 3219 432 3294 Scaevola
474 3244 544 3291 non
585 3227 686 3316 putat
725 3219 871 3291 oratoris
913 3243 988 3290 esse
1024 3221 1223 3316 propriam,
1251 3233 1467 3306 gutturae·
1533 3209 1541 3232 “

108 3332 163 3402 sed
185 3330 371 3404 cuiusdam
396 3329 531 3401 exalia
555 3352 682 3424 genere
706 3328 952 3424 prudentiae),
983 3337 1093 3401 totam
1115 3329 1225 3414 hanc,
1263 3350 1368 3411 raiae
1404 3308 1497 3386 Ml·

107 3441 288 3538 descriptis
309 3438 474 3512 omnibns
496 3438 642 3510 civitatis
662 3437 878 3510 utilitatibus
890 3461 930 3508 ac
942 3437 1117 3533 partibus,
1139 3438 1226 3509 duo·

109 3550 216 3622 decim
256 3548 391 3621 tabulis
428 3547 600 3620 contineri
639 3545 791 3619 videbit:
833 3546 904 3617 sive
940 3571 1045 3641 quem
1082 3571 1227 3644 praepo·
1306 3612 1313 3620 ,

108 3866 133 3908 ut
145 3862 328 3917 demonstrem,
343 3860 408 3908 istud
421 3861 527 3908 omnium
542 3874 555 3908 e
569 3860 643 3908 ditto-
692 3864 789 3922 potest,
803 3858 938 3922 legendum
951 3857 1036 3906 eadem
1049 3860 1079 3905 ab
1091 3859 1177 3907 neem
1187 3885 1230 3909 -.

108 3941 206 4000 graphia
226 3945 312 3989 ortum
340 3952 408 3996 esse,
442 3952 531 3999 easque
558 3938 644 3986 laudes
729 3939 784 3986 193.
799 3937 1155 4000 sioeqntecteilemeeieatiam.
1168 3938 1232 3986 Fieri

107 4019 169 4080 turpi
189 4017 333 4080 hyperbole
353 4015 476 4064 laborare.
511 4015 644 4078 Corrigen-
693 4020 775 4077 potest
788 4021 817 4063 ut
828 4015 946 4063 exciderit
957 4017 1127 4076 amplectitur,
1145 4017 1231 4074 Modo,

108 4097 163 4144 dum
183 4102 236 4155 est,
259 4095 358 4144 abiecto
378 4095 422 4142 illo
439 4095 573 4151 hominem,
587 4107 645 4142 aea·
694 4092 810 4150 Aeliana,
825 4091 930 4141 debetur
940 4094 1232 4157 Madvigiicouieeturae.

108 4174 197 4222 tierimo
209 4175 335 4222 hominem
348 4174 451 4236 ingenio.
728 4173 770 4220 tor
783 4172 879 4219 tabem
885 4173 984 4233 fontes.
1001 4174 1040 4221 De
1053 4187 1109 4221 meo
1123 4172 1232 4230 correxi,

138 4254 237 4311 abhoc,
251 4253 271 4300 i.
288 4266 312 4300 e.
327 4267 341 4298 a
355 4251 482 4300 Scaevola.
518 4253 581 4300 Utar
599 4250 647 4300 hoc
696 4251 752 4308 too,
768 4265 814 4312 pro
826 4251 898 4313 vulg.
913 4250 996 4298 torre:
1015 4250 1046 4298 de
1060 4252 1159 4300 Ernesti
1172 4265 1232 4300 eon-

108 4332 217 4392 exemplo
236 4331 270 4378 ad
285 4331 323 4378 ΙΙ.
338 4333 350 4388 §
366 4331 407 4378 88.
695 4329 803 4386 iectura,
837 4328 948 4387 babebit,
976 4342 1022 4390 pro
1049 4331 1120 4392 vulg.
1147 4331 1232 4379 tabet:

141 4408 194 4458 192.
207 4410 303 4470 paucis
324 4408 401 4454 verbis
421 4409 577 4456 commutatis
599 4409 645 4455 eti·
696 4413 770 4469 etque
789 4407 824 4456 sic
842 4408 938 4469 reliqua
952 4408 1100 4455 suadent-
1133 4409 1182 4456 Sed
1202 4409 1233 4456 li-

108 4501 191 4532 am-
209 4488 313 4548 scripta
332 4487 392 4534 sant
411 4489 517 4547 saepiae.
558 4489 648 4535 Deleta
696 4483 807 4533 beranda
826 4485 887 4532 mihi
905 4483 1038 4533 videbatur
1062 4486 1141 4534 oratio
1167 4489 1235 4550 turpi

108 4565 193 4623 eliam,
208 4565 279 4628 quod
295 4565 323 4612 h.
338 4566 355 4613 l.
371 4563 647 4634 uullarationedelendi
698 4565 931 4625 interpretamento,
963 4565 1006 4624 qut
1035 4565 1091 4611 ture
1117 4566 1182 4614 cicili
1202 4594 1235 4606 -

1140 4785 1155 4814 9
