3242 5500
385 557 455 626 268
697 575 810 623 nrnnn
837 575 1039 625 snccunns.
1068 557 1194 638 1364.

385 750 631 837 invitiustnolo
658 749 752 822 enim
775 748 890 821 dicere
912 749 956 820 de
980 757 1053 821 tam
1075 749 1173 821 suavi
1190 749 1351 837 homine,
1378 749 1494 822 fastidi·
1590 807 1591 832 ,

385 864 495 947 osius)
531 860 576 932 ad
608 859 674 931 boc
708 883 821 955 genus
855 858 1025 931 sermonis
1059 858 1232 932 accedere.
1286 860 1387 935 Quid
1417 859 1494 931 enim

385 971 515 1069 poterit
548 969 689 1042 dicere?
728 968 957 1041 Consularem
980 993 1017 1040 se
1037 993 1112 1041 esse
1136 967 1316 1040 bominem
1338 977 1374 1041 et
1393 993 1496 1042 censo

385 1084 501 1155 rium?
528 1080 650 1153 eadem
667 1086 787 1151 nostra
804 1103 909 1151 causa
925 1085 987 1150 est.
1027 1077 1085 1150 An
1099 1085 1247 1151 aetatem
1261 1079 1408 1151 afferet?
1424 1102 1494 1174 qua-

386 1192 547 1265 driennio
564 1190 678 1262 minor
695 1196 757 1261 est.
809 1187 868 1260 An
886 1212 923 1260 se
940 1188 1025 1261 baec
1042 1188 1198 1261 nescire?
1222 1213 1312 1284 quac
1331 1214 1400 1283 ego
1417 1213 1495 1272 sero,
1591 1233 1592 1236 =

387 1327 476 1399 quae
505 1301 634 1374 cursim
659 1298 812 1394 arripui,
839 1322 929 1393 quae
951 1296 1134 1371 subsicivis
1159 1299 1273 1395 operis
1299 1303 1353 1385 (ut
1375 1299 1496 1383 aiunt),

386 1414 453 1486 iste
474 1438 494 1485 a
513 1436 639 1508 puero,
667 1433 804 1481 summo
830 1407 964 1493 studio,
992 1408 1139 1481 summis
1162 1406 1374 1513 doctoribus.
1413 1406 1498 1479 Nihil

387 1525 502 1597 dicam
531 1522 575 1594 de
602 1519 765 1616 ingenio,
795 1519 853 1591 cui
875 1542 938 1613 par
960 1542 1064 1589 nemo
1086 1518 1165 1590 fuit.
1217 1518 1360 1590 Etenim
1385 1542 1439 1590 mc
1456 1516 1498 1588 di-
1592 1597 1593 1600 Ἴ

388 1642 524 1707 centem
564 1632 626 1727 qui
660 1629 819 1714 audiret,
858 1651 961 1700 nemo
994 1652 1163 1723 umquam
1197 1635 1269 1700 tam
1305 1628 1361 1700 sui
1398 1627 1497 1722 despi-

388 1744 484 1816 ciens
517 1742 603 1827 suit,
641 1740 727 1835 quin
754 1745 907 1835 speraret
929 1747 991 1810 aut
1010 1738 1156 1824 melius,
1182 1747 1243 1810 aut
1264 1738 1390 1811 eodem
1409 1736 1499 1809 modo

390 1878 426 1925 11
461 1876 563 1947 posse
598 1850 729 1934 dicere,
768 1848 895 1920 Crasso
917 1848 1074 1933 dicente,
1101 1872 1205 1919 nemo
1225 1855 1298 1920 tam
1323 1871 1497 1943 arrogans,

390 1963 451 2057 qui
495 1959 653 2033 similiter
695 1983 731 2030 se
773 1981 943 2053 umquam
981 1958 1157 2031 dicturum
1196 1982 1272 2029 esse
1308 1958 1497 2031 confideret.

391 2069 650 2155 Quamobrem,
688 2092 733 2140 ne
765 2068 895 2139 frustra
926 2066 962 2139 hi
988 2068 1076 2140 tales
1096 2068 1161 2140 viri
1185 2069 1364 2155 venerint,
1392 2067 1497 2140 11111-

389 2182 551 2281 quando,
578 2180 721 2263 Crasse,
747 2177 944 2249 audiamus.

318 2294 364 2362 90
440 2294 531 2365 Tum
563 2290 642 2375 ille,
679 2287 728 2360 Ut
760 2288 808 2359 ita
839 2311 915 2361 esse
946 2287 1154 2373 concedam,
1191 2289 1330 2382 inquit,
1356 2286 1499 2370 Antoni,

318 2420 364 2466 3⁶⁵
390 2429 479 2501 quae
513 2409 596 2475 sunt
628 2400 733 2493 longe
768 2421 888 2482 secus,
925 2396 1013 2490 quid
1037 2396 1125 2468 inibi
1155 2406 1194 2470 tu
1218 2398 1363 2470 tandem
1389 2397 1499 2480 hodie,
1595 2389 1597 2414 1

390 2524 450 2587 aut
473 2514 638 2608 cuiquam
664 2507 821 2593 homini,
848 2506 944 2602 quod
967 2505 1036 2578 dici
1059 2508 1189 2603 possit,
1214 2508 1416 2603 reliquisti?
1446 2506 1501 2577 Di·

390 2650 466 2698 cam
484 2623 579 2695 enim
596 2643 690 2704 vere,
708 2616 913 2690 amicissimi
930 2615 1106 2702 homines,
1125 2617 1220 2713 quod
1238 2618 1363 2689 sentio.
1404 2619 1500 2710 Saepe

390 2762 455 2832 ego
486 2734 606 2806 doctos
630 2728 810 2813 hominen,
838 2725 925 2822 quid
950 2725 1027 2799 dico
1051 2728 1181 2823 saepe?
1206 2727 1315 2799 immo
1337 2751 1499 2800 nonnum·
1596 2741 1598 2789 ἐ

391 2871 515 2942 quam:
544 2866 645 2936 saepe
669 2837 764 2910 enim
788 2838 851 2932 qui
874 2836 995 2932 potui,
1022 2837 1084 2931 qui
1106 2861 1194 2934 puer
1216 2838 1253 2908 in
1274 2838 1389 2910 forum
1412 2859 1502 2907 vene·
1596 2844 1597 2887 ³

391 2958 478 3041 rim,
514 2978 579 3025 nec
611 2949 693 3021 inde
730 2970 896 3042 umquam
933 2945 1067 3018 diutius
1101 2971 1208 3041 quam
1242 2955 1407 3044 quaestor
1437 2946 1501 3018 afu-

392 3065 505 3138 erim?
538 3060 599 3133 sed
628 3069 746 3131 tamen
768 3055 906 3141 audivi,
933 3063 975 3149 ut
999 3055 1073 3128 heri
1099 3054 1277 3143 dicebam,
1305 3065 1341 3129 et
1365 3056 1503 3128 Athenis

392 3199 501 3272 quum
524 3194 656 3255 essem,
684 3166 902 3238 doctissimos
924 3166 1036 3251 viros,
1064 3173 1098 3239 et
1115 3166 1152 3237 in
1170 3166 1256 3238 Asia
1273 3167 1381 3240 istum
1398 3169 1503 3262 ipsum

393 3282 573 3379 Scepsium
609 3276 870 3361 Metrodorum,
892 3288 1016 3369 ‘quum
1052 3275 1097 3347 de
1129 3275 1184 3348 his
1206 3276 1293 3372 ipsis
1316 3277 1418 3349 rebus
1442 3277 1503 3348 dis·

393 3401 551 3492 putaret:
579 3413 694 3485 neque
718 3411 798 3458 vero
824 3385 911 3458 mihi
936 3386 1122 3480 quisquam
1147 3387 1324 3482 copiosius
1349 3409 1503 3481 nmquam

396 3508 488 3577 visus
531 3508 606 3584 est,
649 3521 764 3592 neque
804 3495 970 3567 subtilius
1011 3498 1048 3566 in
1086 3495 1150 3566 hoc
1192 3521 1323 3591 genere
1355 3496 1504 3579 dicendi,

394 3637 500 3713 quam
527 3613 595 3683 iste
624 3607 747 3693 hodie,
775 3630 850 3676 1111
875 3613 1042 3677 versatus
1096 3605 1203 3681 Quod
1225 3606 1254 3678 si
1280 3616 1370 3679 esset
1393 3606 1504 3690 aliter,

394 3735 429 3797 et
454 3721 589 3818 aliquid
612 3715 846 3812 intelligerem
869 3714 913 3787 ab
937 3715 1092 3787 Antonio
1117 3717 1417 3810 praetermissum,
1442 3739 1505 3786 non

395 3859 506 3907 essem
541 3840 615 3905 tam
646 3825 841 3900 inurbanus
872 3835 907 3897 et
942 3850 1051 3920 paene
1088 3825 1325 3913 inhumanus,
1351 3833 1388 3898 ut
1412 3826 1448 3896 in
1471 3849 1506 3895 eo

322 3976 369 4021 111
395 3967 574 4041 gravarer,
611 3938 706 4035 quod
741 3962 801 4009 vos
826 3960 953 4031 cupere
977 3935 1152 4007 sentirem.
1205 3936 1297 4008 Tum
1321 3935 1506 4031 Sulpicius,

265 4310 269 4320 '
317 4346 319 4350 .
392 4303 446 4348 bam
460 4326 493 4334 -
506 4298 630 4346 accedere.
649 4294 705 4355 Non
719 4293 808 4339 iniuria
825 4293 933 4352 Kayserc
1016 4293 1074 4340 365.
1092 4291 1391 4351 antecameram.
1417 4273 1507 4348 l'inco,

393 4376 642 4441 (111111101111111001,Ι
657 4375 931 4420 nectamanrectecor·
982 4370 1049 4430 quod
1068 4370 1237 4428 conieceram,
1259 4375 1286 4417 ut
1306 4370 1403 4418 1100111111
1420 4371 1507 4431 legere-

391 4457 457 4521 rigit,
474 4455 615 4503 sentiebam.
638 4451 726 4513 Aptius
738 4448 883 4511 corrigetur,
898 4448 932 4496 cr'-
981 4451 1030 4496 tur.
1065 4448 1212 4507 Diversum,
1237 4463 1317 4510 neque
1334 4447 1404 4496 huius
1418 4449 1464 4497 loci
1477 4453 1509 4496 cst

395 4537 487 4584 dedam.
531 4532 604 4592 Quod
632 4534 689 4578 ante
716 4529 765 4575 hoe
786 4527 857 4574 multi
877 4525 932 4573 libri
982 4527 1079 4574 dicendi
1097 4541 1181 4588 qenai.
1217 4527 1310 4576 Eadem
1329 4527 1352 4574 in
1371 4525 1441 4574 libris
1454 4542 1508 4575 con·

394 4613 503 4670 habent,
518 4614 591 4668 ante,
607 4614 674 4657 recte
688 4608 828 4656 damnatur.
982 4605 1047 4653 fusio
1061 4605 1113 4653 Fin.
1130 4607 1179 4654 III.
1195 4611 1208 4665 §
1223 4609 1247 4653 4.
