3242 5500
508 507 621 555 inania
648 506 785 555 narnus
812 489 830 568 §
855 487 937 557 205.

1241 490 1287 559 89

160 680 339 773 ianuaque
364 680 545 773 patefacta.
599 678 710 750 Nobis
731 702 833 765 vero,
859 679 974 773 inquit
999 680 1196 775 Sulpicius,
1221 681 1288 751 ista
1313 703 1361 748 aas

161 796 248 861 sunt
279 796 442 883 pergrata
466 810 598 885 perque
624 787 795 859 iucunda:
824 787 886 860 sed
909 813 1019 884 pauca
1043 790 1146 861 etiam
1170 789 1285 885 requi·

160 898 290 981 rimus,
313 897 545 993 inprimisque
568 920 625 982 ea,
647 922 736 993 quae
756 895 858 968 valde
877 895 1124 985 breviterate‚
1148 898 1285 983 Crasse,

161 1007 209 1077 de
241 1004 317 1101 ipsa
347 1014 420 1077 arte
455 1029 617 1102 percursa
638 1013 741 1091 sunt,
771 1028 881 1102 quum
903 1006 963 1077 illa
990 1014 1025 1078 te
1050 1014 1085 1079 et
1108 1032 1179 1078 non
1204 1032 1286 1079 con·

159 1125 344 1201 temnere,
383 1123 418 1187 et
452 1114 616 1187 didicisse
647 1116 861 1187 confiterere.
913 1114 965 1187 Ea
1002 1116 1033 1187 si
1056 1117 1162 1212 paulo
1182 1117 1288 1190 latius

161 1224 316 1309 dixeris,
351 1223 500 1319 expleris
530 1248 671 1295 omnem
696 1224 992 1319 exspectationem
1015 1224 1175 1297 diuturni
1197 1226 1289 1298 desi·

161 1333 254 1408 derii
277 1333 406 1406 nostri:
432 1357 515 1405 nam
539 1356 656 1419 nunc,
680 1332 809 1428 quibus
829 1331 1043 1405 studendum
1062 1332 1168 1407 rebus
1180 1342 1288 1420 esset,

162 1442 384 1536 accepimus,
420 1442 516 1537 quod
547 1442 665 1537 ipsum
697 1450 747 1513 est
774 1450 891 1513 tamen
917 1466 1104 1538 magnum
1130 1442 1192 1515 sed
1215 1444 1289 1515 vias

162 1576 286 1623 earum
303 1575 420 1641 rerum
442 1551 684 1646 rationemque
708 1550 870 1645 cupimus
893 1575 1112 1646 cognoscere.
1166 1552 1287 1639 Quid,
1314 1583 1361 1628 ecc

164 1662 218 1747 si,
244 1660 360 1756 inquit
386 1660 552 1746 Crassus,
578 1661 744 1755 quoniam
766 1684 850 1755 ege,
876 1684 946 1755 quo
970 1660 1105 1732 facilius
1122 1659 1290 1757 vosap'ud

162 1794 224 1841 me
256 1777 432 1855 tenerem,
466 1778 600 1841 vestrae
634 1770 751 1868 potius
780 1768 968 1841 obsecutus
995 1794 1073 1842 sum
1097 1767 1288 1857 voluntati,

164 1903 275 1975 quam
299 1887 360 1950 aut
384 1878 648 1964 consuetudini,
674 1885 735 1950 aut
760 1887 905 1951 naturae
929 1904 1045 1965 meae,
1070 1880 1224 1975 petimus
1245 1879 1289 1953 ab

163 1988 342 2073 Antonin,
373 1997 413 2060 ut
443 2012 502 2073 ca,
520 1986 617 2082 ‘quae
640 1990 818 2073 continet,
846 2012 961 2084 neque
984 1988 1098 2060 adhuc
1119 1989 1289 2084 protulit,

164 2124 212 2169 ex
237 2095 366 2192 quibus
388 2122 500 2169 unum
524 2095 683 2169 libellum
704 2097 772 2169 sibi
797 2098 966 2169 excidisse
985 2097 1191 2170 iamdudum
1205 2121 1289 2192 que·

164 2216 244 2280 stus
268 2213 336 2293 est,
363 2206 512 2303 explicet
537 2205 655 2293 nobis,
686 2214 721 2278 et
743 2206 803 2277 illa
826 2207 966 2279 dicendi
990 2208 1156 2302 mysteria
1179 2231 1289 2279 enun-

162 2318 256 2389 tiet?
283 2315 331 2388 Ut
356 2316 509 2401 videtur,
531 2316 646 2411 inquit
663 2316 854 2411 Sulpicius:
877 2340 959 2387 nam
972 2315 1128 2387 Antonio
1141 2315 1290 2401 dicente,

164 2426 275 2497 etiam
299 2424 386 2521 quid
411 2434 449 2496 tu
471 2426 616 2521 sentiae,
642 2425 891 2519 intelligemus.
918 2424 1005 2497 Peto
1027 2426 1149 2521 igitur,
1174 2426 1292 2520 inquit
1317 2462 1365 2511 207

166 2536 334 2621 Crassus,
370 2559 390 2606 a
418 2543 469 2619 te,
501 2536 668 2630 quoniam
697 2535 735 2606 id
763 2532 886 2619 nobis,
913 2533 1065 2621 Antoni,
1090 2533 1293 2605 hominibus

165 2644 208 2716 id
235 2644 376 2730 aetatis
410 2643 524 2715 oneris
554 2643 598 2715 ab
621 2642 754 2715 ‘horum
781 2643 1054 2715 adolescentium
1077 2643 1204 2716 studiis
1228 2642 1293 2714 im·

166 2754 324 2851 ponitur,
349 2762 390 2825 ut
415 2777 585 2848 exponas,
608 2753 694 2849 quid
715 2753 758 2826 iis
776 2752 958 2839 derebus,
983 2777 1071 2848 quas
1089 2777 1109 2826 a
1124 2761 1160 2826 te
1171 2751 1292 2849 quaeri

167 2864 285 2950 vides,
308 2863 449 2935 sentias.

165 3201 195 3246 et
209 3208 331 3256 nusquam
345 3194 432 3244 Cicero
438 3194 472 3244 ita
478 3195 575 3245 aditum
581 3200 623 3247 vel
630 3197 707 3260 expli·

166 3287 229 3322 care
249 3275 290 3322 vel
303 3287 392 3321 ornare
406 3274 482 3322 solet:
498 3289 547 3336 quo
561 3274 709 3324 emblemate

166 3352 283 3409 abiecto,
297 3353 447 3414 legendum,
462 3355 492 3400 ab
506 3355 549 3402 boc
562 3354 632 3402 aditu
635 3355 708 3416 pate-

160 3431 258 3492 faeto:
274 3430 341 3478 conf.
356 3445 445 3493 supra,
460 3436 472 3489 ξ
488 3433 528 3480 98.

206 3509 266 3557 206.
285 3509 353 3570 quid,
365 3511 395 3556 ei.
413 3509 708 3570 AbhacConiunctione,

167 3588 192 3636 ei
199 3622 207 3645 ,
223 3587 296 3634 nimis
308 3592 404 3636 remota
416 3592 452 3636 est
464 3589 599 3638 sententiae
610 3588 709 3638 absolu·

167 3667 206 3714 tio
213 3684 220 3712 z
228 3670 256 3712 ut
263 3665 437 3728 corrigendum
444 3681 570 3724 censeam,
579 3667 710 3728 quidm.

205 3741 315 3792 Antonio
322 3744 425 3803 dicente,
434 3745 508 3793 etiam
514 3745 574 3807 qaid
578 3747 710 3806 turentius,

167 3822 347 3882 intelligemus.
365 3823 551 3873 Nihilsliudest
563 3825 650 3885 etiam,
665 3828 711 3876 nisi

161 3901 321 3964 praetorem
334 3901 402 3950 uude
413 3902 517 3950 ridIcula
528 3903 590 3950 haec
604 3905 712 3954 nascitur

167 3979 312 4037 sententia,
326 3985 424 4040 praeter
438 3981 539 4030 Antonii
552 3984 712 4042 sententiam,

166 4064 243 4106 tuam
264 4070 363 4117 quoque
383 4057 565 4120 intelligemns3
586 4060 655 4119 quasi
675 4061 712 4108 di·

165 4149 261 4186 versae
283 4149 326 4182 cae
347 4139 437 4184 essent.
471 4136 535 4194 Sed,
557 4139 624 4197 quod
641 4153 713 4201 prae-

165 4213 261 4271 cessit,
276 4215 306 4261 ut
319 4213 425 4270 videtur,
437 4213 559 4276 significat
569 4216 713 4266 nihilinter·

164 4294 714 4354 esse,utrn1ntn,enAntoniusdjcat,aam,

163 4370 283 4421 Antonio
296 4371 406 4428 dicente,
422 4371 503 4420 tamen
510 4372 714 4434 quidtuaeatias,

791 3197 849 3246 207.
866 3198 897 3245 ab
909 3196 1294 3246 heramadoleseentiumstadiia

758 3276 939 3338 corrigendum
958 3284 1035 3338 puto,
1055 3277 1152 3324 stadio.-
1173 3275 1207 3324 ita
1221 3290 1294 3334 mox,

758 3358 770 3412 §
786 3356 850 3411 208,
864 3356 924 3412 fin,
939 3354 1019 3403 cestro
1031 3355 1114 3401 studio
1130 3355 1254 3401 inductae.

791 3432 975 3492 deprehensum.
1005 3433 1122 3481 Nondum
1134 3434 1209 3493 plane
1222 3432 1297 3480 video

757 3511 824 3574 ipse,
839 3525 887 3571 qua
900 3509 1103 3572 interpretatione
1110 3510 1160 3558 hoc
1166 3510 1295 3571 Participi-

758 3603 801 3638 um
827 3589 854 3636 in
880 3589 928 3636 hac
948 3589 1070 3638 sententia
1090 3587 1191 3636 defendi
1210 3587 1296 3649 possit.

758 3667 1023 3728 Ferrempreieaeam,
1036 3666 1296 3728 tamquaminexspec·

758 3752 810 3796 tato
824 3751 916 3794 eventu
929 3747 1043 3806 captum,
1061 3745 1133 3793 sicuti
1146 3745 1246 3794 coelius
1259 3746 1296 3793 lo·

760 3826 843 3888 quitur
859 3824 891 3872 ad
908 3824 966 3872 Div.
981 3825 1054 3872 VIII.
1068 3827 1099 3881 2,
1113 3823 1168 3872 init.

793 3906 967 3966 requiruntur.
981 3903 1129 3951 Mutandum
1141 3901 1168 3949 in
1176 3914 1298 3963 quaeram

762 3987 818 4041 tur,
846 3988 875 4032 nt
900 3982 975 4030 modo
997 3985 1066 4029 recte
1086 3979 1252 4037 scribebatur,
1274 3984 1300 4028 et

760 4063 865 4119 iterum,
880 4065 893 4119 §
908 4061 966 4108 208.

795 4141 862 4201 quod
883 4139 910 4184 in
930 4137 1011 4186 caucia
1030 4138 1100 4186 rame
1113 4137 1207 4200 stipere
1225 4137 1299 4184 celeo.

763 4217 932 4266 Referendurn
951 4216 983 4264 ad
1003 4229 1061 4264 enm
1081 4228 1240 4272 rnorem,=ex
1251 4228 1301 4275 quo

763 4296 866 4344 eaedem
879 4309 968 4343 causae
982 4309 996 4342 a
1007 4292 1120 4357 pluribus
1131 4291 1301 4341 defendeban-

764 4379 817 4431 tnr;
845 4373 887 4434 qni
912 4378 996 4421 tamen
1022 4386 1076 4420 mos
1101 4371 1203 4438 Antonii
1222 4375 1301 4419 aetate

162 4450 358 4510 intelliqemcec
380 4463 429 4510 quo
448 4451 523 4500 modo
542 4451 715 4516 corrigendum
764 4453 876 4500 nondum
896 4450 1008 4500 valebat:
1030 4447 1097 4498 conf.
1118 4451 1190 4497 Brut.
1211 4448 1302 4506 §207;

163 4534 220 4578 est.

765 4535 852 4592 postea
865 4529 978 4591 usurpari
986 4531 1101 4590 coeptum
1108 4541 1174 4584 esse,
1189 4525 1303 4574 novimus
