3242 5500
403 554 470 623 142
737 570 849 619 crasa
876 572 1066 619 suouunus
1093 554 1111 635 S
1138 553 1194 620 56.

401 749 554 830 nescias,
594 754 712 817 utrum
746 768 800 815 res
829 744 1006 829 oratione,
1038 768 1081 815 an
1112 741 1217 814 verba
1243 742 1422 814 sententiis
1444 743 1513 815 illu-

401 862 563 927 strentur.
616 854 727 949 Atqui
763 877 808 924 ne
836 854 931 925 hunc
960 853 1121 948 quidem,
1157 860 1373 948 quamquam
1402 861 1456 924 est
1484 854 1514 922 in

401 990 438 1038 re
465 964 607 1061 publica
632 971 807 1049 versatus,
842 987 885 1034 ex
907 986 1055 1034 numero
1078 962 1276 1058 accepimus
1300 986 1440 1048 eorum,
1462 964 1514 1056 qui

401 1099 522 1169 causas
547 1073 747 1146 dictitarent
758 1104 766 1158 ;
793 1080 829 1144 et
847 1072 910 1145 hos
923 1072 1017 1167 ipsos
1030 1071 1137 1145 libros
1151 1080 1227 1144 tum
1240 1072 1419 1167 scripsisse
1439 1072 1514 1143 dici·

400 1192 475 1270 tur,
495 1208 606 1280 quum
619 1242 628 1269 ,
643 1206 712 1255 are
725 1182 867 1277 publica
879 1190 1050 1268 remotus,
1072 1180 1127 1267 id,
1141 1182 1237 1278 quod
1250 1182 1388 1277 optimc
1400 1182 1515 1275 cuique

402 1293 552 1366 Athenis
582 1292 736 1366 accidere
760 1292 903 1365 solitum
926 1301 1000 1378 est,
1025 1294 1062 1363 in
1087 1292 1249 1363 exsilium
1273 1291 1398 1386 pulsus
1423 1301 1512 1363 esset.

345 1432 375 1483 or
402 1402 510 1475 Hunc
543 1410 750 1475 consecutus
781 1410 834 1473 est
864 1401 1068 1497 Syracusius
1095 1399 1285 1486 Philistus,
1312 1401 1391 1495 qui,
1418 1425 1515 1495 quum

401 1506 565 1611 Dionysii
589 1512 730 1607 tyranni
753 1510 1045 1583 familiarissimus
1067 1518 1176 1597 esset,
1202 1511 1314 1582 otium
1328 1534 1514 1582 suumcon·

403 1622 529 1697 sumsit
542 1621 578 1693 in
593 1620 735 1692 historia
749 1619 949 1706 scribenda,
968 1620 1189 1716 maximeque
1200 1619 1445 1714 Thucydidem
1456 1631 1515 1702 cst,

403 1732 493 1807 sicut
514 1730 602 1802 mihi
622 1730 777 1816 videtur,
804 1730 971 1802 imitatus.
999 1728 1125 1801 Postea
1141 1752 1221 1801 vero
1246 1724 1321 1824 [,ex
1337 1729 1515 1801 clarissima

403 1839 504 1937 quasi
527 1839 675 1911 rhetoris
698 1834 874 1934 officina]
901 1839 973 1910 duo
993 1847 1208 1934 praestantes
1229 1838 1393 1933 ingenio,
1416 1839 1515 1909 Thoo-

401 1974 552 2046 pompus
575 1958 611 2021 et
634 1948 817 2043 Ephorus,
841 1947 884 2020 ab
904 1948 1057 2020 Isocrate
1069 1948 1237 2043 magistro
1250 1948 1415 2043 impulsi,
1434 1973 1469 2019 se
1479 1947 1516 2017 ad

103 2125 117 2143 ‚
403 2059 583 2133 historiam
607 2058 850 2144 contulerunt,
876 2082 997 2129 causas
1022 2058 1167 2129 omnino
1192 2081 1388 2153 numquam
1409 2058 1516 2153 attige

57 2159 284 2274 „limis-s
334 2171 378 2241 14
403 2177 498 2243 runt.
549 2168 713 2275 Denique
745 2168 851 2239 etiam
876 2192 897 2238 a
920 2165 1142 2263 philosophia
1164 2166 1340 2261 profectus
1365 2168 1516 2262 princeps

348 2298 379 2345 aa
404 2277 621 2375 Xenophon,
660 2277 856 2349 Socraticus
891 2276 968 2363 ille,
1006 2284 1086 2371 post
1118 2275 1162 2347 ab
1194 2275 1386 2349 Aristotele
1424 2276 1515 2348 Calli·

404 2389 562 2474 sthcnes,
598 2411 713 2459 comes
749 2384 964 2472 Alexandri,
1002 2386 1141 2482 scripsit
1178 2385 1379 2473 historiam3
1416 2395 1450 2459 et
1470 2385 1517 2455 hic

402 2498 546 2595 quidem
569 2495 741 2568 rhetorico
768 2519 880 2592 paene
904 2519 1013 2580 more3
1038 2494 1099 2566 ille
1123 2505 1240 2567 autem
1265 2490 1454 2591 [superior]
1477 2496 1515 2567 le·

402 2608 499 2679 niore
532 2604 685 2702 quodam
721 2629 806 2676 sono
840 2613 893 2677 cst
931 2629 1036 2690 usus,
1072 2612 1105 2676 et
1140 2605 1201 2700 qui
1231 2604 1516 2703 illum-impetun

400 2716 546 2790 oratoris
587 2740 658 2792 non
701 2713 848 2802 haheat3
884 2714 1072 2788 vehemens
1107 2714 1253 2788 fortasse
1293 2714 1434 2803 minus,
1467 2712 1517 2786 sed

401 2828 581 2923 aliquanto
614 2834 731 2899 tamen
768 2834 834 2913 est,
874 2833 914 2896 ut
952 2825 1039 2896 mihi
1075 2826 1219 2920 quidem
1255 2825 1414 2912 videtur,
1450 2824 1515 2896 dul·

401 2939 483 3011 cior.
535 2935 708 3037 Minimus
743 2943 829 3007 natu
857 2933 981 3008 horum
1011 2935 1171 3008 omnium
1199 2935 1385 3023 Timaeus,
1420 2958 1517 3032 quan·

401 3055 477 3119 tum
512 3053 629 3117 autem
661 3044 815 3116 iudicare
848 3069 1012 3140 possum,
1050 3044 1155 3140 longe
1180 3045 1460 3131 eruditissimus
1492 3053 1519 3114 et

402 3179 519 3227 rerum
552 3154 675 3252 copia,
711 3161 746 3226 at
781 3153 1036 3228 sententiarum
1060 3153 1225 3227 varietate
1253 3149 1518 3250 [abundantissi-

402 3419 490 3480 arpo,
511 3416 578 3478 quod
598 3415 680 3463 statim
693 3415 719 3462 in
733 3413 802 3463 libris
816 3415 944 3466 subiicitur
992 3430 1043 3465 non
1056 3414 1160 3475 licebat,
1174 3423 1201 3466 et
1214 3418 1284 3479 quaa
1294 3432 1374 3479 prave
1385 3421 1521 3468 collocatum

402 3497 467 3554 illia,
495 3495 640 3544 auctoritate
664 3495 736 3542 Voss.
757 3493 840 3551 omisi,
862 3500 944 3542 ortum
993 3500 1038 3544 est.
1080 3495 1129 3554 Qui
1152 3495 1199 3543 ista
1221 3496 1339 3554 inseruit,
1365 3497 1480 3560 cogitavit
1496 3496 1521 3542 de

403 3576 506 3628 sommae
520 3589 534 3623 a
547 3587 624 3636 prava
638 3573 759 3634 scriptura
772 3573 941 3634 sequentinm,
992 3573 1131 3630 hocloco,
1159 3574 1230 3622 Brut.
1252 3579 1265 3633 ξ
1286 3575 1331 3632 32,
1356 3576 1389 3624 da
1411 3578 1520 3627 Isocrate.

403 3655 432 3702 a'd
445 3655 516 3718 qaod.
992 3653 1063 3700 raiae
1088 3652 1175 3700 domu
1196 3656 1300 3702 cunctae
1321 3653 1442 3704 &aeriae
1464 3651 1522 3716 quari

439 3734 480 3782 st.
497 3732 575 3780 otium
601 3745 672 3778 acam
692 3731 834 3778 consumit
876 3729 945 3778 Nihil
994 3731 1066 3778 hadar
1083 3731 1183 3792 quidam
1196 3732 1480 3796 pataitatqueoffiriaa
1491 3730 1521 3776 di·

405 3814 458 3858 arat
476 3823 519 3856 cur
533 3822 604 3858 acum
618 3808 764 3864 adderetur,
779 3822 860 3868 neque
873 3808 943 3856 addi·
993 3810 1072 3857 cendi.
1107 3810 1180 3858 Cani.
1197 3810 1275 3868 infra,
1290 3815 1303 3869 §
1319 3813 1521 3860 94.—Moxnon

404 3894 446 3936 tur
466 3901 552 3948 supra,
573 3888 593 3935 l.
609 3891 621 3946 ξ
638 3886 679 3936 57.
714 3887 768 3949 Ego
784 3885 858 3935 facile
872 3899 944 3934 carco
993 3881 1521 3950 plancassentiorKaysero‚verba,ab1ao·

404 3967 448 4014 illo
463 3965 621 4014 Pronomina.
994 3968 1064 4013 crate
1070 3967 1189 4029 mnpiatro
1196 3967 1303 4027 impulsi,
1312 3965 1521 4029 spuriaiudicanti:

442 4045 486 4105 [aa
506 4044 644 4092 carissimo
664 4044 735 4104 qnasi
751 4043 878 4090 raetorum
891 4044 944 4106 offi-
994 4056 1099 4105 quorum
1116 4043 1249 4093 verborum
1263 4045 1325 4094 haec
1339 4052 1423 4104 certe,
1437 4046 1466 4094 ab
1478 4042 1522 4090 iao·

406 4121 485 4182 ca'rur]⁸
526 4120 684 4179 Probabunt,
706 4135 792 4182 spero,
813 4121 861 4168 viri
879 4121 947 4170 docti
994 4124 1079 4179 aare,
1093 4125 1215 4172 servanda
1227 4129 1297 4181 sunt,
1313 4123 1405 4184 quibus
1418 4139 1474 4172 mox
1484 4137 1522 4182 op

407 4200 548 4248 Ruhnkenii
567 4200 701 4258 indicium,
720 4200 784 4248 Hist.
800 4199 860 4247 Crit.
875 4201 945 4248 Orat.
994 4200 1094 4262 ponitur
1107 4205 1133 4249 et
1147 4201 1299 4259 Scantiana,
1314 4207 1340 4250 et
1353 4204 1384 4249 ab
1391 4202 1523 4250 Aristotele.

407 4281 495 4328 Graec,
510 4293 535 4339 p.
551 4279 710 4336 LXXXVII,
728 4279 774 4326 ista
787 4278 870 4340 spuria
884 4293 945 4328 case.
1029 4281 1070 4326 58.
1087 4279 1192 4340 denique
1205 4282 1280 4327 etiam
1292 4278 1523 4330 -.Noudun1mihi

407 4358 464 4406 Non
479 4355 572 4419 urgebo
587 4369 669 4413 nunc,
683 4356 820 4404 istiusmodi
832 4357 946 4405 similitu·
995 4355 1113 4405 satisfacit
1124 4358 1189 4406 iliud
1199 4358 1315 4421 denique,
1330 4361 1524 4421 quoniamoequr

407 4435 490 4484 (huam
505 4441 530 4483 et
540 4433 572 4482 ab
583 4434 805 4496 Antoniiingenio,
821 4439 946 4496 etaprae-
996 4435 1023 4483 h.
1037 4436 1056 4482 i.
1071 4449 1118 4497 pro
1126 4439 1253 4496 portreaw
1266 4443 1303 4486 est
1323 4438 1451 4501 (adiicitur
1469 4436 1524 4485 enim

407 4513 483 4561 santis
496 4513 711 4562 demonstrationis
725 4512 828 4560 consilio
841 4512 947 4561 alienam
996 4513 1137 4575 Timaeus),
1157 4529 1239 4576 neque
1257 4517 1293 4564 sic
1312 4518 1397 4573 valet,
1419 4512 1524 4565 ornabo

408 4605 476 4648 esse,
491 4592 535 4640 sed
548 4592 675 4639 rhetorum
689 4591 810 4654 officinam
821 4592 948 4652 appellare
994 4597 1075 4640 totum
1090 4593 1523 4654 hocmmprahendametabsolran:
