3242 5500
388 533 457 601 208
701 549 813 598 amun
840 549 1042 600 saccones,
1070 532 1088 611 §
1114 531 1196 600 208.

385 723 540 794 deamur.
594 722 712 818 Atque
740 721 864 793 iisdem
896 721 950 793 his
981 747 1023 794 ex
1049 722 1133 793 locis
1158 729 1192 792 et
1218 721 1253 791 in
1280 720 1367 794 alios
1389 721 1497 794 odium

385 843 516 903 struere
549 831 755 916 discemus,
795 839 829 902 et
866 856 886 903 a
923 830 1024 903 nobis
1063 855 1103 902 ac
1144 829 1270 902 nostris
1308 830 1495 930 demovere:

384 940 576 1036 eademque
608 940 693 1012 haec
721 964 850 1036 genera
883 941 1066 1012 tractanda
1089 939 1229 1012 suntin
1254 939 1435 1011 iracundia
1454 941 1497 1010 vel

383 1050 584 1135 excitanda,
612 1050 665 1122 vel
688 1049 852 1122 sedanda.
882 1051 974 1121 Nam
1001 1051 1050 1135 si,
1074 1049 1167 1145 quod
1194 1049 1298 1144 ipsis„
1324 1049 1387 1144 qui
1410 1049 1496 1120 audi-

383 1167 469 1245 unt,
507 1159 742 1255 perniciosum
779 1167 841 1230 aut
873 1157 998 1231 inutile
1034 1159 1099 1245 sit,
1139 1155 1176 1231 id
1200 1158 1333 1230 lactum
1358 1183 1495 1254 augeas,

381 1268 503 1340 odium
535 1276 690 1353 creatur;
726 1268 801 1353 sin,
837 1268 933 1365 quod
965 1276 1027 1340 aut
1051 1268 1088 1340 in
1114 1268 1224 1340 bonos
1249 1267 1362 1352 virae,
1388 1275 1446 1338 aut
1466 1267 1495 1338 in

382 1402 461 1464 eos,
482 1376 519 1448 in
545 1401 633 1474 quos
656 1377 806 1473 quisque
831 1378 976 1449 minime
999 1376 1178 1462 debuerit,
1204 1377 1324 1448 autin
1349 1400 1422 1448 rem
1442 1400 1494 1471 pu·

380 1486 528 1572 blicam,
566 1493 644 1558 tum
678 1487 869 1572 excitatur,
909 1487 938 1560 si
973 1511 1044 1558 non
1079 1495 1151 1559 tam
1176 1485 1341 1558 acerbum
1365 1485 1494 1570 odium,
1597 1563 1598 1566 Ἴ

380 1604 498 1667 tamen
534 1603 595 1666 aut
630 1595 801 1681 invidiae,
840 1606 901 1668 aut
935 1597 1008 1669 odii
1044 1621 1115 1668 non
1144 1595 1325 1667 dissimilis
1350 1596 1493 1668 offensio.
1597 1683 1598 1686 Ἴ

307 1727 353 1770 eoa
381 1705 472 1777 Item
501 1697 606 1776 timor
639 1705 812 1777 incutitur
834 1713 895 1776 aut
920 1730 963 1778 ex
987 1706 1144 1801 ipsorum
1167 1705 1353 1802 periculis,
1381 1713 1439 1776 aut
1460 1729 1495 1775 ex
1597 1775 1598 1782 ,

379 1812 643 1886 communibus:
671 1814 814 1886 interior
838 1822 891 1886 est
914 1814 973 1886 ille
996 1816 1177 1910 proprius;
1200 1815 1262 1886 sed
1286 1814 1343 1886 hic
1368 1838 1495 1910 quoque
1597 1849 1598 1884 t

378 1925 574 1995 communis
599 1923 644 1994 ad
665 1923 823 1995 eamdem
850 1923 1117 1996 similitudinem
1143 1933 1195 1996 est
1220 1923 1468 2020 perducendus.

367 2107 374 2116 ,
427 2032 495 2104 Par
528 2042 634 2128 atque
663 2057 734 2104 una
769 2033 858 2105 ratio
891 2041 944 2105 cst
979 2035 1073 2128 spei,
1107 2034 1281 2118 laetitiae,
1309 2032 1492 2104 molestiae:

379 2141 440 2213 sed
463 2141 557 2214 heard
582 2143 709 2228 sciam,
735 2167 780 2214 an
805 2143 994 2215 acerrimus
1020 2142 1125 2237 longe
1150 2143 1195 2215 sit
1212 2142 1374 2214 omnium
1391 2151 1493 2213 motus

378 2251 549 2338 invidiae,
576 2276 640 2324 nec
665 2252 783 2324 minus
802 2252 928 2323 virium
945 2277 1034 2347 opus
1053 2253 1152 2324 sitin
1171 2275 1210 2324 ea
1227 2250 1493 2347 comprimenda,
1597 2291 1598 2330 3

377 2385 484 2457 quam
517 2362 553 2433 in
587 2361 782 2433 excitanda.
836 2361 1002 2434 Invident
1030 2370 1147 2434 autem
1173 2361 1333 2432 homines
1357 2362 1494 2432 suanmc
1597 2347 1598 2366 ³

377 2467 540 2567 paribus,
578 2479 639 2542 aut
676 2469 921 2556 inferioribus,
961 2495 1072 2566 quum
1106 2496 1143 2542 se
1167 2470 1307 2542 relictos
1331 2470 1492 2551 sentiunt,

378 2579 457 2652 illos
481 2587 601 2651 autem
623 2579 744 2651 dolent
770 2579 940 2652 evolasse:
970 2581 1030 2651 sed
1057 2580 1162 2652 etiam
1192 2579 1424 2675 superioribus
1443 2578 1491 2648 in·

377 2689 515 2762 videtur
528 2688 726 2786 saepevehe
765 2696 885 2775 enter,
912 2697 998 2762 eteo
1012 2689 1141 2785 magis,
1169 2690 1197 2761 si
1211 2687 1447 2761 intolerantius
1462 2709 1493 2757 se

190 2835 194 2844 ·
230 2869 233 2878 ,
291 2881 295 2890 Ι
378 2801 519 2884 iactant,
543 2807 576 2871 et
596 2713 880 2894 aequabilitatem
898 2800 1094 2872 communis
1115 2800 1201 2871 iuris
1219 2800 1424 2895 praestantia
1443 2798 1491 2869 di·
1596 2838 1597 2845 κ

220 2910 224 2919 ’
255 2951 264 2976 s
285 2915 288 2922 '
378 2908 524 3003 gnitatis
537 2916 598 2982 aut
611 2887 770 2979 fortuitae
784 2933 867 2980 suae
882 2916 1076 2981 transeunt.
1098 2910 1200 2985 Quae
1214 2910 1243 2981 si
1257 2906 1492 2996 inflammanda

375 3026 482 3116 sunt,
517 3018 667 3089 maxime
703 3018 892 3089 dicendum
929 3026 982 3090 est
1017 3044 1087 3090 non
1121 3044 1196 3091 csse
1226 3019 1353 3091 virtute
1386 3024 1490 3115 parta;

378 3120 506 3199 deinde
524 3127 628 3199 etiam
641 3126 735 3199 vitiis
747 3141 854 3223 atque
867 3128 1026 3222 peccatis:
1046 3136 1135 3213 tum,
1151 3129 1179 3199 si
1193 3136 1297 3199 erunt
1311 3127 1493 3199 honestiora

378 3244 484 3333 atque
509 3237 683 3331 graviora,
706 3245 823 3309 tamen
842 3261 912 3308 non
931 3262 1005 3310 esse
1022 3246 1118 3309 tanta
1136 3238 1195 3309 illa
1208 3239 1348 3323 merita,
1377 3242 1492 3333 quanta
1595 3268 1596 3329 3

413 3480 470 3526 209.
488 3478 726 3540 qaaataimotentsa.
748 3478 914 3540 Syntauispo-
999 3477 1124 3527 suadetur
1141 3480 1223 3525 autem
1237 3505 1270 3511 —
1278 3478 1408 3537 fortunae.
1439 3473 1490 3521 Per·

378 3558 470 3606 atulare
477 3556 576 3605 videtur
583 3555 738 3603 continuatos
746 3556 915 3612 Accusativoa
965 3570 1050 3618 peram
1068 3557 1186 3604 Ernestus
1202 3555 1263 3603 haec
1277 3555 1360 3616 spuria
1373 3549 1490 3601 iudicabat.

379 3636 497 3697 quantam
512 3636 676 3682 insolentiam.
967 3634 1061 3683 Damtis
1082 3634 1146 3689 illis,
1167 3634 1226 3681 baec
1247 3634 1329 3693 opinio
1342 3648 1390 3682 non
1403 3627 1490 3678 habebit

412 3715 470 3761 210.
488 3728 549 3774 quae
564 3714 587 3759 ei
601 3714 797 3776 quamplurium.
816 3714 920 3775 Suscepi
967 3727 1016 3773 quo
1035 3712 1171 3769 referatur,
1193 3726 1255 3772 quae
1277 3713 1360 3773 opinio
1376 3712 1439 3759 nulla
1450 3706 1491 3755 alia

380 3791 499 3839 eBaiteri
518 3792 668 3839 coniectura.
697 3792 772 3853 Vulg.
788 3790 918 3853 legebatur
967 3796 1017 3847 est,
1040 3790 1086 3838 nisi
1108 3790 1176 3837 illam
1190 3788 1327 3849 fortunam
1336 3792 1434 3851 praesta
1450 3788 1490 3833 tua
1594 3846 1595 3855 ἵ

378 3884 490 3931 aereque,
510 3870 532 3916 ai
552 3884 625 3930 quum
636 3870 685 3930 pl,
707 3867 824 3929 equibus
841 3884 917 3929 quum
967 3872 992 3916 et
998 3870 1132 3929 florentem
1146 3883 1206 3917 esse.

378 3962 477 4010 seseque
484 3946 648 3997 obiiciendum
656 3947 784 4005 dixissem,
799 3948 917 3996 omissum
1001 3949 1058 3994 211.
1077 3950 1122 3995 aut
1136 3948 1233 3995 intuens
1247 3947 1332 3995 alium.
1365 3944 1490 4006 Madvigius

379 4041 477 4087 quoque
495 4027 521 4074 in
535 4028 619 4082 Voss,
641 4031 778 4087 punierunt
790 4026 917 4074 novissimi
966 4026 1014 4074 iam
1034 4026 1122 4083 sensit,
1142 4026 1206 4074 illud
1218 4027 1263 4073 aut
1277 4025 1337 4073 ferri
1355 4035 1490 4085 carpasso,

380 4105 506 4153 Editcres:
522 4119 568 4152 nec
581 4104 718 4152 audiendus
732 4109 769 4151 est
776 4103 917 4163 Pideritius‚
967 4104 1034 4164 quod
1056 4104 1118 4153 haec
1133 4104 1195 4153 nihil
1209 4104 1326 4152 differunt
1339 4102 1370 4153 ab
1383 4104 1424 4159 iis,
1438 4111 1490 4161 quae

380 4184 421 4244 qui
440 4197 539 4245 aereque
559 4182 685 4239 defendit,
707 4182 774 4242 quod
794 4186 878 4231 orator
891 4196 917 4231 se
967 4183 1041 4231 modo
1055 4181 1209 4232 dicebantur.
1227 4183 1276 4230 Sed
1290 4197 1342 4229 non
1353 4178 1490 4242 aecipioeius

378 4262 431 4323 ipse
445 4263 632 4322 complectatur.
667 4261 717 4308 Sed
730 4261 810 4323 agitur
825 4259 917 4309 h.l.de
967 4262 1161 4317 correctionem,
1182 4261 1225 4309 at:
1241 4260 1276 4307 sic
1290 4261 1357 4307 enim
1371 4259 1428 4307 haec
1440 4269 1489 4303 cou-

379 4354 423 4397 eo,
443 4340 484 4400 qui
504 4339 658 4397 defenditur,
680 4343 705 4387 et
719 4338 767 4386 hoe
779 4336 917 4386 subiectum
967 4340 1035 4400 sequi
1056 4353 1087 4387 ex
1106 4340 1155 4387 illis
1175 4339 1333 4394 viderentur,
1353 4342 1490 4387 suntantea
1593 4326 1594 4331 ¹

378 4418 569 4481 intelligendum
588 4418 614 4464 iu
635 4418 754 4465 delectari
766 4417 917 4478 reliquisque
967 4418 1143 4480 planeeadem.
1162 4417 1401 4479 ldeocorrigendum
1409 4413 1488 4476 ροτὶυε,

380 4497 518 4545 infinitivis.
536 4525 570 4532 -
587 4498 646 4544 Mox
657 4495 918 4545 revocavieteieanoa
967 4500 992 4544 et
1006 4498 1106 4543 aarum
1118 4524 1160 4543 -.

379 4575 426 4629 sit,
442 4590 486 4636 pro
501 4576 638 4622 tamenetsi.
1001 4574 1030 4621 ut
1050 4577 1132 4645 catera
1150 4576 1194 4621 illa
1207 4576 1288 4621 altera
1298 4588 1368 4635 pars.
1402 4566 1490 4627 Suscepi
