3242 5500
384 557 457 626 364
720 576 833 624 rauna
860 577 1028 625 rnurrus.
1058 560 1075 638 l
1102 559 1183 626 208.

384 749 485 833 dem,
512 773 602 844 quae
622 773 728 845 supra
753 748 848 832 dixi,
875 772 963 818 nova
986 747 1084 820 vobis
1110 773 1185 820 esse
1207 748 1419 834 arbitrabar,
1443 752 1493 822 sed

311 880 357 926 209
384 858 555 930 voluntati
576 867 730 930 vestrum
754 858 914 929 omnium
937 860 1049 952 parui.
1102 857 1171 930 His
1194 867 1314 929 autem
1340 859 1493 931 derebus

385 969 437 1040 sol
471 992 527 1038 me
560 967 619 1039 ille
652 967 838 1038 admonuit
873 974 911 1037 ut
931 965 1067 1038 brevior
1097 992 1229 1054 essem,
1256 968 1318 1068 qui
1342 968 1415 1064 ipse
1437 971 1492 1040 iam
1590 1001 1591 1004 ¹

383 1077 615 1173 praecipitans
638 1101 695 1146 me
720 1100 861 1171 quoque
884 1075 968 1147 haec
994 1077 1216 1172 praecipitem
1231 1101 1343 1172 paene
1356 1078 1493 1149 evolvere

383 1186 509 1281 coegit.
563 1185 632 1256 Sed
665 1193 783 1256 tamen
818 1185 921 1256 liuius
956 1187 1094 1278 generis
1120 1186 1372 1259 demonstratio
1397 1195 1445 1258 est
1466 1197 1493 1257 et
1591 1229 1592 1278 r

384 1295 543 1366 doctriua
576 1295 652 1390 ipsa
685 1294 858 1389 vulgaris,
885 1319 970 1366 usus
996 1303 1114 1366 autem
1140 1297 1387 1392 gravissimus,
1413 1307 1443 1368 et
1463 1297 1492 1367 in

310 1430 357 1475 mo
384 1405 449 1476 hoe
484 1412 557 1475 toto
594 1404 734 1476 dicendi
771 1403 886 1474 studio
912 1403 1150 1477 difficillimus.
1205 1404 1492 1489 Quamobrem,

384 1513 551 1609 quoniam
585 1513 629 1584 de
650 1520 777 1584 ornatu
796 1512 894 1583 omni
915 1514 1082 1586 orationis
1106 1523 1189 1586 suut
1214 1540 1356 1596 omnes,
1384 1515 1410 1586 si
1434 1537 1492 1584 uon

383 1623 568 1719 patefacti,
604 1631 640 1694 at
672 1630 765 1694 certe
795 1624 1060 1694 commonstrati
1095 1624 1185 1709 looi,
1218 1649 1312 1696 nuno
1338 1623 1421 1720 quid
1442 1647 1492 1716 ap·
1592 1717 1593 1734 χ

383 1741 461 1803 tum
487 1732 552 1815 sit,
578 1731 643 1802 hoc
666 1739 739 1816 est,
766 1731 854 1826 quid
879 1733 1030 1803 maxime
1051 1733 1171 1804 deceat
1196 1734 1232 1804 in
1259 1735 1429 1817 oratione,
1452 1733 1492 1802 vi-

384 1841 539 1912 deamus.
590 1842 817 1936 Quamquam
853 1841 890 1912 id
923 1841 1065 1936 quidem
1090 1843 1316 1938 perspicuum
1342 1850 1411 1926 est,
1434 1865 1492 1912 non

384 1951 480 2021 omni
522 1975 666 2035 causae,
708 1974 774 2021 nee
808 1950 982 2034 auditori,
1022 1974 1137 2046 neque
1172 1975 1360 2044 personae,
1396 1973 1493 2045 neque

315 2088 362 2132 au
387 2060 535 2154 tempori
557 2083 749 2154 congruere
772 2060 940 2131 orationis
965 2084 1074 2130 unum
1097 2084 1221 2154 genus.
1272 2062 1365 2132 Nam
1381 2071 1494 2131 areau-
1556 2131 1559 2140 ,
1593 2121 1594 2134 ,

389 2194 447 2242 sae
470 2171 596 2265 capitis
619 2157 727 2240 alium
750 2168 939 2263 quemdam
961 2169 1145 2240 verborum
1167 2194 1293 2241 sonum
1311 2169 1499 2265 requirunt,
1593 2169 1594 2172 ’

388 2280 496 2351 alium
531 2303 647 2350 rerum
683 2280 896 2374 privatarum
921 2287 1027 2374 etque
1052 2302 1235 2374 parvarum
1248 2312 1255 2364 ;
1284 2288 1319 2350 et
1341 2277 1432 2350 aliud
1450 2273 1492 2346 di·

388 2389 491 2460 cendi
522 2412 636 2482 genus
668 2385 956 2472 deliberationes,
991 2387 1089 2458 aliud
1123 2387 1363 2473 laudationes,
1398 2379 1494 2482 [aliud

389 2493 555 2590 iudicia]
581 2497 678 2567 aliud
703 2519 899 2580 sermones,
926 2496 1024 2567 aliud
1047 2496 1254 2582 consolati0,
1282 2497 1377 2569 aliud
1392 2490 1492 2566 obiur-

389 2609 505 2704 gatio,
532 2605 630 2677 aliud
654 2605 866 2700 disputatio,
892 2605 989 2676 aliud
1007 2606 1149 2676 historia
1167 2605 1352 2678 desiderat.
1391 2603 1493 2676 Refert

388 2719 494 2790 etiam
539 2716 601 2812 qui
642 2714 808 2800 audiant,
849 2724 988 2787 senatus
1023 2740 1067 2787 an
1093 2716 1246 2811 populus
1277 2741 1322 2787 an
1357 2715 1492 2796 iudices,

388 2828 588 2924 frequentes
625 2850 671 2897 an
708 2826 807 2920 pauci
843 2850 887 2896 an
928 2825 1081 2919 singuli,
1108 2838 1141 2897 et
1166 2826 1307 2919 quales:
1335 2826 1398 2921 ipsi
1419 2848 1492 2918 quo·

388 2962 457 3033 que
507 2945 661 3008 oratores
722 2959 791 3029 qua
833 2936 903 3006 sint
939 2944 1069 3019 aetate,
1116 2933 1267 3019 honore,
1311 2934 1493 3007 auctoritate

391 3044 513 3142 [debet
542 3040 687 3139 videril:
723 3053 883 3139 tempus,
919 3044 1014 3139 pacis
1052 3067 1096 3115 an
1132 3043 1237 3128 belli,
1276 3040 1492 3117 festinationis

315 3186 363 3231 era
388 3182 432 3228 an
465 3156 537 3227 otii.
589 3155 714 3250 Itaque
733 3153 797 3225 hoc
821 3154 895 3224 loco
923 3153 1011 3224 nihil
1035 3177 1117 3223 sane
1143 3160 1215 3237 est,
1243 3154 1338 3249 quod
1357 3148 1493 3247 praecipi

388 3290 490 3361 posse
525 3264 703 3347 videatur,
740 3264 809 3333 nisi
835 3272 875 3333 ut
897 3264 1047 3357 figuram
1073 3262 1238 3334 orationis
1264 3262 1441 3357 plenioriS,
1465 3266 1492 3329 et

385 3585 537 3639 illuminant,
552 3596 597 3643 pro
611 3581 680 3643 vulg.
688 3578 843 3633 illuminem
856 3579 922 3627 conf.
971 3592 1062 3635 sermo,
1083 3592 1128 3640 pro
1149 3591 1287 3625 sermones.-
1306 3578 1394 3639 relique
1406 3589 1492 3637 quoque

385 3665 418 3711 ad
431 3665 500 3712 Orat.
519 3665 531 3718 ξ
547 3661 603 3707 128.
972 3670 1064 3719 genera
1078 3656 1200 3719 Singulari
1214 3670 1320 3705 numero
1332 3656 1491 3719 significantur.

419 3743 477 3789 209.
501 3741 539 3786 eol
564 3753 602 3785 me
629 3739 671 3783 ille
690 3736 826 3783 admonuit.
868 3738 923 3783 Hoc
1007 3736 1089 3795 [debet
1108 3736 1210 3796 videri}
1245 3736 1302 3782 Non
1319 3734 1402 3782 dicitur
1416 3732 1492 3781 Latine

386 3820 485 3881 quidem
503 3819 559 3866 loco
575 3822 641 3863 reete
654 3814 796 3863 Perfectum
809 3814 921 3874 ponitur:
971 3814 1062 3870 videri,
1090 3827 1135 3873 pro
1163 3813 1272 3869 attendi,
1302 3811 1453 3861 considerari:
1471 3816 1492 3857 et

385 3905 487 3954 eontra,
509 3897 533 3943 in
553 3898 609 3943 loco
624 3896 644 3941 1.
661 3898 673 3951 ξ
688 3895 733 3949 28,
748 3892 921 3953 corrigendum
970 3892 1108 3952 parendum
1134 3891 1216 3939 fuerat
1243 3891 1376 3947 Lambino,
1397 3890 1434 3951 qui
1452 3888 1491 3936 ista

383 3976 446 4033 fuit,
464 3974 586 4022 admonet.
605 3986 608 3990 “
621 3974 753 4027 Ceterum,
768 3971 826 4026 illa,
842 3971 879 4016 fria
893 3971 923 4017 cle
971 3970 1106 4018 omittenda
1120 3975 1259 4018 censuerat.

384 4056 457 4103 redae
476 4055 506 4100 ul
525 4052 620 4100 nestor
639 4063 726 4105 earam,
745 4048 871 4109 aliquanto
885 4049 920 4095 le·
1005 4050 1108 4109 tempus,
1119 4050 1191 4107 paria
1204 4064 1237 4096 aa
1251 4049 1316 4097 belli.
1332 4046 1489 4108 Requirolem·

384 4133 439 4181 nius
460 4130 626 4186 divelluntur,
647 4143 720 4189 quam
741 4126 794 4174 fieri
808 4125 921 4173 videmus
965 4140 1016 4187 pao
1030 4126 1095 4187 quod
1107 4129 1154 4183 rit,
1165 4128 1237 4187 pacis
1252 4142 1285 4174 an
1299 4128 1321 4173 b.

383 4226 471 4273 snpra,
488 4212 573 4269 5145.
1003 4208 1060 4254 213.
1078 4218 1184 4252 sammaa
1202 4219 1274 4265 saepe
1290 4217 1410 4264 superare.
1441 4203 1490 4249 Non

417 4291 475 4337 211.
495 4285 697 4349 [alluctantem]
716 4282 839 4341 Quoniam
846 4284 920 4332 modo
969 4298 1027 4331 sane
1047 4284 1107 4331 scite
1121 4282 1211 4330 dicitur
1224 4283 1354 4331 mediocria
1364 4295 1430 4341 rame
1438 4282 1490 4340 pol·

382 4370 431 4417 iarn
445 4382 533 4416 caueae
544 4364 633 4425 capitia
644 4368 668 4411 et
674 4377 759 4409 reram
762 4364 920 4421 privatarum
969 4363 1006 4409 eat
1022 4376 1128 4409 sammaa
1139 4375 1273 4421 suparare,
1288 4368 1330 4410 aut
1338 4362 1417 4422 poteri
1428 4371 1491 4417 caepa

382 4446 547 4509 ponebantur,
563 4440 920 4504 qnaeoerteiudiciorurnsnnt
967 4454 1094 4499 superare.
1129 4441 1159 4487 ln
1178 4440 1314 4489 Praeterito
1332 4443 1392 4487 reete
1405 4437 1489 4483 dicere-

382 4526 462 4588 (conf.
479 4527 499 4572 Ι.
515 4520 612 4582 5201),
627 4519 812 4582 inepteiterum
827 4519 919 4566 iudicia
967 4524 1020 4575 tur,
1048 4532 1121 4579 saepe
1149 4518 1243 4583 facturn
1272 4524 1309 4567 est
1329 4524 1355 4565 ut
1374 4514 1489 4564 mediocris

380 4605 544 4651 inculcantur.
572 4629 604 4634 —-
632 4602 722 4653 Porro,
745 4598 917 4658 corrigendum
968 4612 1090 4646 summurn
1118 4602 1267 4657 superaret.'
1296 4598 1405 4657 Suspicor
1427 4606 1489 4650 rum
