3242 5500
332 1549 1005 1678 ‘annevirre

190 2266 291 2338 Quum
316 2267 431 2346 optanti
456 2267 531 2328 mihi
558 2269 717 2348 contigerit
738 2274 773 2328 ut
788 2269 868 2328 hanc
885 2267 1050 2327 editionem
1065 2265 1211 2325 librorum
1228 2266 1274 2326 De

150 2369 279 2431 Oratore
294 2372 489 2451 perficerem,
511 2378 604 2434 restet
620 2379 654 2433 ut
671 2379 827 2452 susceptae
848 2389 957 2450 operae
975 2369 1125 2430 rationem
1143 2368 1269 2429 reddam

149 2475 209 2551 ita,
230 2481 265 2534 ut
283 2475 373 2536 simul
391 2476 478 2555 quale
495 2477 652 2537 consilium
671 2482 792 2537 secutus
809 2476 867 2535 sim
883 2473 1060 2549 defendam,
1082 2479 1147 2532 tum
1160 2479 1272 2552 utpro-

149 2579 237 2639 fitear
265 2579 351 2639 cuius
377 2581 496 2657 generis
523 2600 558 2640 ea
585 2581 663 2657 sint,
695 2600 773 2660 quae
797 2580 844 2640 vel
870 2579 1010 2638 omittere
1025 2577 1205 2654 maluerim,
1227 2578 1274 2638 vel

149 2681 270 2762 explere
295 2682 368 2742 satis
391 2702 452 2743 non
470 2685 628 2764 potuerim.
670 2685 787 2765 Nempe
805 2690 926 2745 tantum
942 2682 1155 2763 praestiterant
1173 2681 1273 2741 novis·

149 2788 217 2846 simi
243 2787 392 2864 editores,
422 2796 456 2849 ut
485 2789 561 2849 nihil
587 2790 694 2851 abesse
721 2789 890 2865 videretur,
908 2806 968 2867 quo
986 2787 1151 2847 multorum
1175 2786 1274 2846 studia

148 2890 303 2951 alerentur
319 2891 366 2951 vel
387 2892 425 2953 ad
440 2893 584 2953 iudicium
601 2894 638 2955 de
647 2895 782 2955 oratione
791 2912 862 2954 vere
871 2892 1008 2953 Tulliana
1020 2890 1272 2967 constituendum,

149 2995 195 3055 vel
222 2996 261 3055 ad
281 2996 425 3074 cuiusque
445 2998 613 3058 sententiae
632 3004 662 3059 et
679 2998 834 3059 doctrinae
851 2996 1131 3076 interpretationem
1147 2996 1271 3054 firman-

149 3099 228 3159 dam.
280 3099 500 3177 Nihilominus,
528 3109 562 3163 ut
589 3103 624 3163 sit
634 3149 643 3179 ,
664 3103 807 3163 continuo
825 3102 857 3161 in
875 3100 1099 3180 praestantibus
1115 3099 1174 3159 illis
1190 3117 1272 3159 com-

149 3202 307 3265 mentariis
333 3223 368 3264 ea
396 3206 547 3265 offendere
572 3207 722 3283 solebam,
744 3225 822 3286 quae
841 3206 943 3265 minus
962 3204 1038 3264 mihi
1054 3203 1273 3283 probarentur,

150 3308 234 3367 cuius
252 3308 354 3369 iudicii
365 3310 529 3388 specimine
539 3311 680 3389 primum,
689 3311 773 3371 brevi
782 3316 942 3390 postquam
953 3308 1165 3369 Henriohsenii
1177 3308 1269 3367 editio

150 3413 316 3491 prodierat,
334 3413 366 3472 in
383 3412 441 3473 fleo
458 3414 618 3475 Volumine
635 3414 840 3476 Scholicorum
851 3414 1129 3495 Hypomnematum
1137 3411 1274 3491 prodidi,

150 3516 201 3577 ubi
219 3518 355 3578 continui
371 3536 420 3579 me
439 3518 519 3578 intra
537 3519 675 3580 Primum
692 3519 804 3579 librum
814 3525 845 3580 et
853 3518 1041 3579 Secundum:
1064 3516 1177 3594 aliquot
1185 3515 1274 3575 annis

149 3628 231 3700 post,
253 3641 349 3701 quum
367 3622 484 3683 interea
501 3623 641 3684 Ellendtii
657 3624 822 3684 editionem
838 3612 1061 3702 cognovissem,
1083 3619 1190 3710 eodem
1208 3637 1275 3679 mo-

150 3726 187 3786 do
214 3732 352 3787 versatus
371 3727 480 3787 eumin
495 3728 598 3787 Tertio
614 3727 707 3805 libro,
730 3747 868 3808 quaeque
887 3729 925 3788 de
941 3728 999 3787 hoc
1014 3724 1167 3785 monenda
1184 3722 1274 3783 duoe-

150 3850 215 3891 rem
242 3830 323 3890 edidi
345 3831 377 3890 in
400 3830 489 3889 VII¹¹²⁰
514 3832 674 3893 Volumine
695 3832 920 3913 Mnemosynae.
961 3831 1081 3891 Interea
1097 3832 1276 3909 pervenerat

151 3935 188 3995 ad
213 3954 269 3995 nos
286 3954 364 3995 nova
380 3935 530 4012 recensio,
552 3955 630 4015 quae
650 3936 760 3998 Orellio
779 3945 810 3998 et
826 3938 948 3998 Baitero
966 3934 1148 4010 debebatur,
1171 3938 1201 3993 et
1218 3951 1275 3992 nu-

150 4040 282 4118 perrime
308 4046 375 4100 tum
404 4038 541 4099 Pideritii
569 4040 677 4117 editio,
705 4047 771 4101 tum
799 4060 835 4102 ea
856 4041 1012 4116 recensio,
1036 4057 1127 4117 quam
1144 4037 1176 4096 in
1192 4036 1275 4097 volu-

152 4144 283 4203 minibus
307 4143 550 4204 Tauchnitzianis
581 4151 738 4206 curaverat
760 4146 921 4226 Kayserus
965 4144 1013 4204 Ab
1030 4144 1078 4203 his
1092 4143 1185 4221 igitur
1203 4141 1276 4201 viris

152 4247 333 4308 doctissimis
358 4248 507 4308 rationem
534 4248 669 4309 habitam
695 4268 761 4309 esse
778 4269 934 4326 mearum,
956 4249 1191 4328 qualescumque
1207 4253 1274 4305 tan-

153 4350 220 4412 dem
247 4357 366 4428 essent,
392 4353 566 4431 opinionum
585 4360 688 4433 gratus
705 4355 828 4434 quidem
850 4355 976 4433 agnovi;
999 4353 1052 4414 sed
1069 4371 1163 4431 quum
1179 4349 1277 4410 anim-

153 4456 341 4518 adverterem
361 4475 427 4519 esse
452 4476 529 4537 quae
546 4458 647 4521 minus
664 4459 730 4521 aliis
746 4460 938 4539 probassem,
960 4456 1114 4538 complura
1137 4473 1216 4536 quae
1238 4472 1277 4515 ne
