3242 5500
368 548 414 615 96
714 564 826 614 mann
854 566 993 614 narnus
1019 548 1037 627 §
1063 546 1144 615 219.

367 736 598 830 tudinemque
623 736 834 831 cognitionis
858 745 962 833 atque
986 738 1070 808 artis
1095 762 1165 808 non
1191 738 1295 810 modo
1320 764 1392 810 non
1410 764 1490 811 oon-

369 857 509 931 temno,
546 843 606 917 sed
642 846 746 917 etiam
778 845 1000 918 vehementer
1029 847 1197 920 admiror:
1224 846 1327 919 nobis
1350 857 1488 933 tamen,

368 960 430 1051 qui
462 955 499 1026 in
530 954 595 1026 hoc
628 955 758 1051 populo
788 955 933 1051 foroque
965 980 1160 1041 versamur,
1194 958 1276 1029 satis
1306 966 1359 1029 est
1384 983 1425 1029 ea
1448 958 1492 1028 de

369 1063 524 1137 moribus
549 1064 732 1137 hominum
758 1073 792 1137 et
817 1065 923 1151 seire,
948 1064 1142 1152 ordinere,
1168 1089 1257 1160 quae
1280 1090 1352 1137 non
1365 1066 1489 1138 abhor-

298 1212 345 1258 220
370 1183 469 1247 reant
491 1172 535 1246 ab
558 1174 741 1247 hominum
766 1174 934 1247 moribus.
973 1174 1063 1250 Quis
1089 1175 1183 1247 enim
1195 1200 1364 1271 umquam
1377 1183 1492 1247 orator
1520 1212 1522 1216 ·

370 1308 521 1379 magnus
534 1292 569 1355 et
582 1283 715 1378 gravia,
741 1307 851 1379 quum
864 1284 993 1355 iratum
1006 1283 1199 1356 adversario
1215 1284 1369 1358 iudicem
1381 1286 1493 1357 lacere

371 1393 493 1479 vellet,
525 1392 710 1465 haesitavit
737 1391 782 1464 ob
808 1417 884 1465 eam
906 1416 1066 1479 oausam,
1093 1393 1188 1490 quod
1212 1395 1381 1481 nesciret,
1406 1393 1493 1490 quid

372 1510 463 1577 esset
484 1501 683 1587 iracundia,
707 1502 864 1574 fervorne
888 1502 1036 1588 mentis,
1062 1526 1107 1573 an
1129 1503 1303 1599 cupiditas
1321 1504 1493 1599 puniendi

372 1610 530 1684 doloris?
580 1610 693 1696 Quis,
720 1635 830 1706 quum
854 1620 987 1683 ceteros
1010 1612 1207 1683 animorum
1230 1622 1348 1685 motus
1360 1622 1424 1685 aut
1441 1614 1492 1683 iu·

374 1720 532 1804 dioibus‚
558 1728 620 1791 aut
643 1721 773 1815 populo
799 1720 948 1793 dicendo
970 1722 1114 1793 miscere
1138 1730 1244 1816 atque
1266 1723 1402 1817 agitare
1426 1722 1493 1793 vel·

373 1819 442 1915 let,
469 1854 509 1901 ea
534 1828 637 1915 dixit,
661 1853 750 1924 quae
773 1853 793 1901 a
818 1829 1034 1924 philosophis
1052 1829 1122 1901 dici
1134 1830 1271 1904 solent?
1292 1832 1354 1927 qui
1365 1832 1494 1927 partim

374 1939 518 2012 omnino
554 1946 670 2010 motus
706 1947 839 2033 negant
875 1939 911 2011 in
948 1939 1075 2012 animis
1112 1940 1201 2012 ullos
1234 1965 1310 2013 esse
1345 1940 1494 2025 debere,

375 2049 507 2145 quique
539 2072 596 2119 eos
627 2048 665 2120 in
699 2047 855 2119 iudicum
880 2048 1056 2121 mentibus
1078 2050 1273 2135 concitent,
1300 2050 1416 2122 scelus
1441 2075 1496 2121 eos

375 2158 548 2231 nefarium
572 2157 700 2243 facere3
724 2158 873 2252 partim,
898 2158 959 2254 qui
980 2157 1230 2231 tolerabiliores
1254 2159 1377 2232 volunt
1402 2185 1496 2244 esse,

376 2276 411 2341 et
436 2268 481 2339 ad
502 2266 683 2339 veritatem
707 2267 798 2339 vitae
823 2268 967 2363 propius
986 2267 1164 2353 accedere,
1186 2268 1443 2364 permediocres
1460 2294 1497 2340 ao

304 2414 349 2460 221
376 2378 493 2474 potius
525 2377 616 2448 leves
650 2385 766 2448 motus
791 2376 918 2448 debere
943 2400 1018 2447 esse
1042 2376 1176 2449 dicunt.
1229 2378 1357 2449 Orator
1379 2387 1497 2451 autem

377 2487 495 2559 omnia
528 2485 633 2571 haec,
667 2508 756 2580 quae
782 2493 953 2580 putantur
976 2485 1013 2556 in
1038 2488 1216 2558 communi
1235 2487 1328 2559 vitae
1352 2512 1496 2560 consue·

377 2596 501 2669 tudine
534 2594 645 2680 mala,
678 2619 718 2665 ae
744 2593 888 2665 molesta
911 2602 946 2666 et
968 2594 1154 2689 fugienda,
1177 2596 1290 2667 multo
1311 2598 1447 2669 maiora
1469 2604 1499 2668 et

378 2703 553 2788 acerbiora
589 2700 702 2776 verbis
737 2703 840 2789 lacit;
874 2702 1029 2800 itemque
1062 2728 1122 2792 ea,
1153 2728 1243 2800 quae
1266 2706 1372 2800 vulgo
1395 2729 1497 2802 expe·

379 2816 485 2888 tenda
510 2824 615 2912 atque
640 2812 807 2910 optabilia
831 2813 1005 2898 videntur,
1030 2813 1178 2886 dicendo
1190 2816 1381 2910 amplificat
1394 2825 1499 2912 atque

379 3178 503 3239 liquorum
515 3173 636 3222 librorum
648 3174 770 3233 lectione,
788 3176 815 3222 in
828 3191 877 3238 qua
890 3177 917 3224 ia
966 3182 993 3226 ut
1018 3177 1233 3240 intempestivum,
1259 3177 1304 3225 sed
1323 3183 1351 3226 nt
1370 3181 1502 3228 molestum

380 3255 509 3304 omittitur.
527 3281 561 3287 —
585 3252 626 3299 Vis
638 3254 792 3302 oratorisita
805 3256 917 3317 appella·
966 3256 1142 3318 expellendum
1155 3261 1201 3304 est.
1423 3261 1427 3265 '

380 3338 447 3392 tur§
464 3335 507 3380 58:
522 3336 584 3389 tum,
600 3333 665 3389 §68,
680 3331 821 3394 inponitur,
835 3333 918 3394 inquo
999 3335 1153 3382 domatibus
1171 3335 1317 3382 animorum.
1355 3337 1414 3384 Non
1433 3335 1502 3384 dubi·

380 3425 482 3473 mappas
494 3424 546 3458 esse
559 3409 636 3470 possit
648 3413 738 3458 orator.
965 3413 1017 3461 tavi
1036 3413 1101 3460 hano
1115 3412 1212 3460 Ernesti
1227 3413 1416 3471 correctionem,
1432 3429 1503 3476 quam

415 3490 463 3537 nisi
490 3489 532 3551 qui
558 3501 642 3536 rerum
665 3489 772 3536 omnium
792 3491 917 3537 naturam.
966 3490 1089 3552 inprimis
1102 3491 1379 3552 sequentiapostulant‚
1392 3493 1504 3554 recipere

383 3573 452 3618 Haec
465 3581 549 3614 rerum
562 3567 669 3614 omnium
683 3569 774 3615 natura
788 3569 820 3616 ad
833 3568 918 3629 physi·
966 3584 1027 3631 prae
1037 3568 1157 3617 librorum
1164 3569 1284 3627 lectione,
1296 3569 1443 3620 domorum
1449 3587 1503 3624 aar

382 3663 437 3696 cam
450 3645 633 3709 philosophiam
647 3646 769 3706 pertinet;
788 3651 813 3695 et
826 3645 857 3694 ab
871 3647 919 3694 hoc
968 3650 1050 3696 nullos
1071 3647 1163 3709 quippe
1182 3647 1240 3696 novi
1259 3649 1397 3698 animm
1419 3664 1504 3698 morer.

382 3729 528 3789 argumento
548 3723 629 3771 aliena
650 3728 698 3772 est:
723 3728 776 3772 tum
797 3726 919 3773 hominum
968 3727 1080 3789 Apparet
1092 3726 1124 3774 ad
1136 3726 1262 3788 vulgatam
1277 3725 1505 3775 defendendnmni-

336 3793 338 3798 ’
383 3805 492 3852 rationes
518 3802 577 3864 quid
596 3800 642 3849 sibi
661 3801 754 3860 velint,
776 3817 827 3850 non
846 3802 920 3850 facile
968 3804 1004 3852 hil
1018 3804 1133 3865 praesidii
1147 3817 1200 3852 esse
1213 3804 1240 3852 in
1253 3805 1324 3863 loco,
1339 3820 1415 3866 quem
1430 3820 1504 3868 appo-

383 3882 437 3944 quis
453 3882 533 3938 dicat,
552 3885 576 3928 et
588 3884 672 3928 tamen
686 3879 730 3927 has
742 3880 833 3929 retinet
846 3881 919 3929 Pide·
969 3897 1081 3940 sueram,
1102 3884 1174 3930 Verr.
1202 3882 1237 3930 Π.
1259 3887 1271 3941 5
1295 3884 1358 3942 155,
1379 3886 1410 3931 ut
1431 3887 1506 3932 multo

383 3961 468 4018 nitius,
493 3963 602 4007 ceterum
622 3973 673 4005 non
692 3960 758 4006 male
778 3958 920 4021 corrigens,
969 3961 1420 4020 maaeriatdeeuomoredecedm,
1437 3976 1507 4024 ᾳιιαω

384 4038 921 4098 hominumnaturaa,moresutquerationes.
970 4040 1001 4087 de
1021 4038 1072 4086 tuis
1091 4040 1200 4088 moribus
1218 4054 1266 4088 uon
1285 4041 1375 4088 dicere.
1395 4067 1433 4076 —-
1449 4043 1507 4088 Mox

386 4117 482 4178 Collata
502 4121 515 4174 §
536 4116 567 4163 60
582 4119 607 4163 et
622 4115 683 4173 165,
698 4116 767 4172 locus
781 4114 816 4163 sic
830 4115 921 4163 consti·
970 4117 1145 4178 corrigendum
1156 4117 1212 4175 fuit,
1226 4117 1507 4180 quaeaonabhorreant,
1548 4140 1551 4148 ‹

384 4195 491 4244 tuendus
504 4193 565 4240 mihi
577 4193 689 4250 videtur,
704 4194 753 4240 nisi
766 4195 808 4255 qui
821 4194 922 4241 illarum
971 4195 1087 4256 quoniam
1099 4194 1149 4243 hoc
1161 4195 1188 4242 in
1201 4197 1312 4258 generali
1324 4201 1461 4259 praecepto
1472 4197 1506 4244 di·

385 4289 470 4322 rerum
495 4272 604 4320 rationes
627 4274 653 4319 et
673 4275 777 4319 naturas
796 4286 922 4333 moresque
971 4273 1044 4321 citur:
1059 4274 1129 4335 vulg.
1142 4273 1284 4321 aaronem.

385 4352 508 4400 hominum
517 4351 620 4411 penitus
621 4351 790 4410 perspexerit.
809 4347 923 4398 Naturae
1005 4353 1062 4398 220.
1081 4354 1143 4400 lever
1155 4354 1235 4399 nwtus
1248 4351 1335 4399 debere
1347 4365 1400 4399 esee
1412 4352 1507 4401 dicuni.

386 4431 508 4478 hominum
521 4429 632 4490 appellat
644 4441 741 4488 quoque
755 4429 807 4475 Fal.
823 4432 836 4486 ξ
851 4430 874 4475 8.
972 4433 1052 4488 Quem
1065 4444 1116 4477 non
1130 4429 1233 4478 offendit
1246 4428 1450 4478 huecverborum
1458 4431 1508 4479 col·

419 4509 542 4554 hominum
562 4521 654 4570 quoque
666 4507 921 4570 ingeniosissimorum.
971 4509 1078 4556 locatio?
1113 4507 1162 4556 Sed
1179 4513 1281 4570 propter
1293 4508 1409 4558 vitiosum
1424 4509 1509 4557 debere

387 4587 509 4643 Quorsum
528 4585 591 4632 illud
609 4586 722 4646 qnoque?
756 4585 813 4632 Non
825 4587 922 4630 tantum
969 4586 1119 4634 inculcatum
1135 4591 1244 4637 estesse.
1279 4587 1463 4650 Corrigendum
1477 4590 1507 4635 le·
