3242 5500
362 535 432 605 150
686 558 800 606 11111111
827 557 1028 607 sneuunus.
1058 540 1076 621 1
1103 540 1159 612 74.

361 725 562 823 quibusque
586 729 779 824 praeceptis
804 752 845 799 ea
869 735 968 800 tanta
992 729 1045 801 vis
1070 734 1306 824 comparetur:
1333 749 1405 796 non
1419 750 1500 822 quo

361 860 439 908 mea
473 836 617 931 quidem
651 838 721 909 iam
754 837 895 909 intersit
931 841 1060 934 (neque
1093 837 1187 910 enim
1219 843 1314 908 aetas
1350 833 1389 906 id
1413 859 1501 906 mea

361 944 556 1031 desiderat,
590 955 625 1018 et
655 946 752 1018 aliud
783 946 961 1042 quoddam
987 971 1100 1043 genus
1123 945 1263 1020 dicendi
1289 969 1352 1016 nos
1379 944 1499 1018 secuti

362 1079 504 1140 sumus,
539 1055 601 1150 qui
635 1080 830 1151 numquam
865 1057 1055 1130 sententias
1077 1057 1122 1128 de
1146 1053 1309 1128 manibus
1331 1053 1499 1124 iudicum

361 1163 396 1234 vi
421 1164 573 1260 quadam
586 1165 755 1236 orationis
768 1165 1004 1252 extorsimus,
1031 1191 1070 1238 ac
1083 1165 1198 1262 potius
1211 1163 1355 1260 placetis
1369 1187 1499 1234 eorum

361 1273 489 1345 animis
512 1282 672 1358 tantum,
698 1283 872 1369 quantum
897 1274 965 1369 ipsi
989 1274 1231 1372 patiebantur,
1256 1272 1499 1368 accepimus);

363 1382 425 1456 sed
456 1390 574 1454 tamen
612 1383 681 1454 ista
708 1391 789 1469 tua,
820 1383 959 1454 nullum
988 1384 1034 1455 ad
1057 1408 1162 1456 nsum
1186 1405 1324 1466 meum,
1347 1388 1498 1452 tantum

306 1490 596 1587 recognoscendi
627 1490 747 1564 studio
778 1491 953 1565 adductus
986 1493 1136 1589 require.
1189 1492 1263 1563 Neo
1287 1489 1374 1563 mihi
1398 1513 1500 1585 opus

363 1607 416 1672 cst
452 1600 585 1672 Gracco
618 1600 738 1696 aliquo
772 1601 934 1689 doctore,
960 1602 1022 1698 qui
1047 1601 1135 1674 mihi
1161 1600 1363 1698 pervulgata
1387 1622 1497 1694 prae-

362 1717 463 1805 cepta
486 1709 667 1795 decantet,
694 1735 805 1806 quum
831 1710 908 1806 ipse
930 1733 1126 1807 numquam
1139 1710 1275 1795 forum,
1295 1731 1497 1804 numquam

362 1819 476 1890 ullum
500 1817 653 1890 iudicem
678 1820 870 1916 aspexerit3
907 1827 947 1894 ut
984 1820 1236 1915 Peripateticus
1267 1818 1327 1890 ille
1357 1817 1499 1888 dicitur

362 1927 666 2022 Phormio‚quum
676 1926 858 2001 Hannibal
870 1924 1102 2025 [Carthagine
1111 1921 1295 2026 expulsus]
1308 1926 1497 2022 Ephesum

361 2036 408 2108 ad
442 2036 657 2109 Antiochum
691 2039 844 2111 venisset
881 2039 1000 2126 exsul,
1035 2063 1170 2136 proque
1204 2062 1264 2124 e0,
1294 2035 1388 2133 quod
1412 2035 1498 2108 eius

360 2169 490 2217 nomen
522 2155 597 2219 erat
621 2171 750 2244 magna
775 2148 871 2244 apud
896 2173 1018 2220 omues
1044 2149 1177 2244 gloria,
1204 2148 1368 2218 invitatus
1396 2153 1498 2217 esset

360 2254 405 2328 ab
441 2255 641 2352 hospitibus
678 2257 771 2343 suis,
810 2265 851 2330 ut
889 2281 990 2344 eum,
1029 2281 1135 2353 quem
1172 2257 1266 2342 dixi,
1302 2255 1331 2326 si
1361 2253 1496 2339 vellet,

360 2364 517 2450 audiret,
543 2390 724 2461 quumque
749 2362 813 2463 [is]
835 2391 872 2440 se
889 2391 960 2440 non
982 2368 1077 2439 nolle
1087 2366 1401 2452 dixisset,locutus
1413 2387 1498 2436 esse

360 2475 489 2546 dicitur
508 2473 612 2547 homo
630 2477 792 2572 copiosus
812 2477 947 2572 aliquot
972 2477 1074 2549 horas
1100 2477 1144 2548 de
1169 2473 1387 2572 imperatoris
1412 2473 1495 2544 offi-

360 2584 433 2670 cio,
468 2596 503 2656 et
535 2584 580 2656 de
604 2587 702 2660 omni
732 2611 769 2658 re
793 2587 947 2659 militari.
1000 2587 1111 2672 Tum,
1139 2609 1250 2681 quum
1274 2581 1400 2669 celeri,
1426 2584 1495 2678 qui

360 2693 462 2767 illum
498 2693 703 2782 audierant,
736 2695 959 2769 vehementer
992 2703 1108 2769 essent
1132 2694 1316 2780 delectati,
1342 2716 1493 2789 quaere·

361 2802 448 2875 bant
482 2804 528 2875 ab
562 2803 785 2891 Hannibale,
823 2805 992 2902 quidnam
1028 2807 1105 2901 ipse
1127 2805 1172 2877 de
1195 2804 1257 2879 illo
1279 2802 1496 2899 philosopho

360 2913 548 2990 iudicaret:
571 2913 629 2986 hie
656 2909 829 3010 [Poenus]
857 2939 928 2986 non
949 2915 1083 3011 optime
1107 2916 1259 2999 Graece,
1285 2912 1347 2985 sed
1370 2919 1495 2983 tamen

359 3021 471 3093 libere
491 3021 716 3117 respondisse
739 3024 867 3111 fertur,
893 3023 1024 3097 multos
1050 3048 1087 3095 se
1111 3022 1238 3095 deliros
1264 3045 1364 3093 senes
1388 3044 1498 3117 saepe

303 3269 335 3321 11
361 3238 455 3311 disse
472 3240 661 3315 neminem.
715 3242 841 3337 Neque
861 3242 1062 3315 mehercule
1085 3241 1226 3316 iniuria.
1273 3239 1372 3317 Quid
1396 3239 1496 3311 enim

359 3556 490 3618 terpretau'
511 3556 611 3607 ridetur
625 3558 724 3615 τέχνην,
746 3556 854 3616 oblitus,
870 3557 901 3605 ab
951 3558 1017 3619 quod
1030 3572 1080 3617 quo
1094 3557 1168 3605 modo
1182 3556 1235 3617 quis
1249 3557 1375 3617 aspiciat?

360 3635 470 3685 Antonio
483 3640 564 3686 artem
586 3639 694 3695 spretam
708 3648 770 3683 esse.
804 3638 843 3684 Ex
856 3636 900 3694 iis,
992 3636 1155 3699 [Cartlapine
1180 3635 1319 3695 expulsas}
1357 3634 1419 3681 Ideo
1442 3634 1497 3685 hoe

359 3728 423 3773 quae
436 3713 559 3761 Antonius
569 3712 717 3773 respondet,
733 3717 745 3771 5
760 3715 806 3771 90,
821 3714 901 3775 suspi-
948 3715 1125 3775 interpolatum
1137 3714 1249 3771 videtur,
1265 3713 1333 3773 quod
1345 3713 1428 3761 statim
1435 3718 1495 3773 post

359 3791 422 3842 ceris
433 3790 609 3852 corrigendum
616 3804 670 3838 esse
678 3792 822 3855 quibusnam
828 3806 900 3841 ecer-
948 3792 1059 3853 sequitur
1075 3793 1155 3839 exsul.

359 3869 526 3919 11111111οὲ111.
982 3884 1104 3933 palamque
1113 3869 1171 3932 [aJ.
1186 3868 1413 3919 Inhacverborum
1420 3882 1492 3917 com-

392 3961 441 3995 111
461 3958 582 4008 1111111
601 3948 700 4008 quidem
720 3949 770 3994 iam
789 3949 900 4000 intersit.
948 3948 1069 4009 positione
1087 3950 1162 3997 Pron.
1176 3950 1199 3997 ia
1211 3948 1349 3997 necessario
1363 3947 1395 3995 ad
1408 3948 1493 3995 Phor-

359 4026 390 4073 In
403 4025 441 4073 his
454 4026 703 4086 utraqueparticula,
719 4025 861 4087 etquidem,
876 4032 901 4075 et
949 4026 1056 4081 inionem
1069 4027 1228 4075 referendum
1236 4032 1273 4074 est
1281 4060 1287 4083 ,
1295 4030 1494 4073 eontrasenten-

357 4104 421 4160 tam,
436 4116 450 4150 1
464 4102 514 4150 loci
527 4104 649 4151 sententia
662 4103 744 4151 aliena
757 4108 802 4151 cst.
838 4105 899 4153 Cor·
948 4104 1021 4153 dnm:
1035 4105 1111 4167 igilur
1125 4105 1183 4153 hinc
1196 4104 1494 4161 tollendumcenseo,ut

356 4182 503 4244 rigandum,
518 4196 572 4228 mea
586 4182 720 4243 1111111111
733 4184 843 4229 istm.
949 4182 1076 4231 Hannibal
1089 4184 1242 4247 intelligatur
1255 4181 1325 4231 verbi
1341 4180 1492 4232 subiectum.

389 4274 523 4320 numqaum
542 4261 680 4307 sententiaa
693 4288 727 4295 —
740 4261 898 4307 exieramus.
983 4263 1050 4318 tum,
1066 4276 1141 4323 qaam
1154 4263 1231 4309 cetera
1244 4288 1285 4307 -.
1301 4260 1428 4309 Credibile
1439 4276 1494 4309 non

358 4338 486 4386 Ridiculus
507 4352 576 4389 error
597 4337 623 4385 in
641 4339 793 4385 sententiae:
807 4338 899 4396 immo,
949 4345 986 4388 est
1004 4340 1075 4388 istius
1095 4340 1241 4388 intrationis
1261 4340 1447 4387 conclusionem
1465 4340 1494 4387 in

357 4417 514 4464 seutentiam.
949 4419 1010 4467 duas
1018 4418 1494 4475 diversassententiasfuissedivulsem,

380 4498 420 4544 75.
429 4494 757 4556 namqucmullumtudr'cem
764 4496 900 4555 1111111111.
950 4504 978 4545 ut
996 4498 1103 4559 primum
1118 4502 1259 4545 narraretur
1272 4497 1331 4544 istos
1346 4498 1498 4558 quaesivisse

358 4573 439 4621 Sumsi
453 4573 501 4620 hoc
516 4588 529 4619 e
543 4588 569 4621 1.
582 4574 615 4631 l.,
628 4587 673 4633 pro
687 4574 757 4637 vulg.
769 4574 901 4640 iudicium,
950 4575 979 4623 cll
993 4574 1141 4633 Hannibale,
1156 4582 1209 4625 tum
1223 4590 1335 4625 seorsum
1342 4575 1494 4625 adiicerelur
