3242 5500
362 553 407 621 68
710 572 823 621 araus
850 557 1034 635 ra1n0s§
1063 555 1143 623 163.

361 742 562 816 huiusmodi
584 744 834 840 disputationis
854 767 992 839 semper
1001 746 1246 828 contemserit,
1268 744 1374 830 haee,
1397 769 1490 839 quae

361 853 421 925 isti
436 853 580 925 forsitan
593 877 780 950 puerorum
791 853 966 925 elementa
978 853 1174 939 videantur,
1197 854 1412 950 exquirere);
1426 854 1489 925 sed

361 971 403 1035 tu
412 962 501 1034 hanc
512 962 613 1035 nobis
623 963 761 1035 veniam
774 962 831 1047 da,
851 962 1031 1048 Scaevola,
1046 957 1097 1057 [et
1109 964 1236 1058 perfice
1244 958 1271 1060 ,]
1285 971 1327 1036 ut
1338 963 1489 1036 Crassus

363 1072 470 1157 haec,
492 1097 582 1167 quae
602 1073 786 1144 coarctavit
809 1080 844 1143 et
864 1081 1077 1167 peranguste
1096 1073 1233 1144 refersit
1258 1068 1311 1167 [in
1332 1074 1490 1145 oratione

292 1231 337 1277 1,,
364 1176 462 1277 sua]‚
493 1182 618 1254 dilatet
637 1180 740 1253 nobis
759 1190 867 1277 atque
888 1181 1049 1276 explicet.
1086 1181 1164 1277 Ego
1184 1181 1405 1268 mehercule,
1432 1183 1487 1254 in-

363 1291 441 1387 quit
472 1290 635 1377 Mucius,
672 1300 773 1362 antea
808 1298 923 1360 vestra
952 1290 1065 1385 magis
1091 1289 1157 1361 hoc
1179 1290 1488 1377 resacrambam,

362 1424 469 1496 quam
490 1425 588 1473 mea:
617 1424 732 1495 neque
754 1399 848 1470 enim
867 1406 1051 1495 tantopere
1070 1398 1161 1471 hanc
1184 1424 1204 1471 a
1227 1399 1353 1472 Crasso
1364 1400 1487 1496 dispu-

361 1510 531 1582 tationem
544 1506 802 1593 desiderabam,
825 1516 1040 1604 quantopere
1055 1508 1130 1581 eius
1147 1508 1184 1580 in
1197 1510 1311 1581 causis
1328 1511 1489 1581 oratione

361 1618 524 1690 delector.
578 1620 683 1689 Nunc
714 1642 810 1703 vero,
843 1617 988 1702 Crasse,
1019 1642 1098 1689 mes
1127 1642 1267 1714 quoque
1290 1619 1360 1690 iam
1383 1645 1490 1693 causa

360 1751 467 1823 rogo,
490 1734 548 1812 ut,
571 1728 737 1822 quoniam
761 1734 901 1798 tantum
922 1725 1092 1798 habemus
1115 1727 1196 1812 otii,
1221 1736 1395 1823 quantum
1415 1731 1489 1801 iam

360 1837 424 1909 diu
443 1836 545 1908 nobis
567 1860 636 1907 non
659 1835 824 1930 contigit,
842 1859 888 1906 ne
910 1836 1064 1931 graveris
1087 1836 1313 1908 exaedificare
1335 1837 1372 1908 id
1384 1863 1488 1933 opus,

360 1946 455 2041 quod
484 1946 679 2018 instituisti.
731 1945 894 2015 Formam
914 1946 1009 2016 enim
1030 1944 1139 2017 totius
1160 1947 1296 2041 negotii
1318 1948 1489 2043 opinione

360 2055 539 2127 meliorem
560 2055 796 2149 maioremque
816 2053 939 2138 vide0,
962 2078 1068 2149 quam
1090 2053 1315 2126 vehementer
1336 2056 1461 2151 probe.

286 2196 334 2265 35
406 2164 614 2251 Enimvero,
655 2164 770 2260 inquit
795 2163 964 2248 Crassus,
1001 2163 1121 2234 mirari
1152 2163 1236 2235 satis
1272 2188 1342 2235 non
1374 2190 1486 2260 queo,

284 2299 331 2347 ror
358 2275 463 2347 etiarn
491 2283 526 2346 te
557 2274 663 2359 haec,
695 2272 879 2358 Scaevola,
919 2271 1137 2358 desiderare,
1164 2297 1254 2367 quae
1277 2298 1396 2370 neque
1418 2299 1488 2371 ego

358 2386 403 2457 'ta
425 2393 548 2469 tene0,
567 2391 608 2454 ut
630 2383 672 2467 ii,
691 2382 752 2478 qui
765 2381 912 2467 docent,
937 2405 1052 2476 neque
1066 2382 1236 2453 sunteius
1250 2388 1406 2476 generis,
1430 2394 1485 2470 ut,

356 2494 386 2565 si
407 2495 539 2589 optime
560 2501 738 2577 tenerem,
764 2491 874 2585 digna
896 2499 1013 2562 essent
1037 2492 1105 2562 ista
1130 2491 1322 2586 sapientia,
1346 2517 1385 2565 ao
1412 2495 1486 2565 tuis

355 2602 509 2705 auribus.
560 2600 644 2672 Ain’
668 2602 736 2672 tu?
764 2600 880 2695 inquit
903 2600 983 2685 ille,
1012 2595 1042 2671 si
1063 2598 1107 2671 de
1135 2600 1211 2671 istis
1235 2602 1486 2675 communibus

355 2859 401 2915 da,
417 2857 542 2906 Scaevola:
556 2861 625 2914 tum,
640 2857 681 2904 vel
690 2856 798 2918 perfice,
813 2856 855 2903 rel
870 2857 896 2903 et
945 2855 997 2903 eius
1010 2869 1082 2902 usum
1096 2854 1255 2915 participium
1268 2856 1408 2916 consertus.
1434 2857 1485 2905 Re-

350 2937 452 2999 perflee,
467 2941 495 2984 ut
508 2936 639 2983 minutiora
649 2935 769 2983 omittam.
797 2934 895 2981 Veniam
938 2933 1053 2992 sarcire,
1074 2932 1091 2979 i.
1106 2946 1129 2980 e.
1143 2933 1246 2993 plenum
1260 2932 1356 2990 facere,
1371 2934 1397 2982 11.
1412 2937 1430 2983 l.
1446 2937 1484 2984 in·

355 3016 416 3063 dure
429 3029 503 3075 supra
514 3015 578 3071 iam,
594 3017 606 3071 ξ
621 3015 662 3071 98,
676 3013 782 3061 vidimus
789 3027 842 3062 esse
848 3028 894 3074 pro
943 3010 1126 3072 tempestivum.

352 3094 503 3158 pratificari.
521 3093 570 3140 Sed
580 3092 606 3139 in
614 3091 892 3140 Pronomhancneces-
979 3090 1035 3136 164.
1056 3090 1139 3135 antea.
1172 3089 1312 3138 Ellendtius
1332 3091 1443 3149 notavit,
1458 3094 1485 3140 in

354 3172 418 3220 sario
436 3171 594 3233 cogitandum
608 3174 645 3218 est
652 3167 788 3227 obiectum,
803 3183 894 3230 nempe
944 3168 992 3215 Gu.
1007 3169 1031 3223 3,
1045 3180 1092 3227 pro
1105 3167 1187 3222 antea,
1201 3167 1381 3229 iegianutura.
1397 3169 1483 3231 Suspi-

354 3250 498 3312 requirendi
519 3264 533 3295 a
547 3249 648 3305 Crasso,
663 3247 731 3308 quod
745 3249 842 3295 Cottam
855 3246 892 3294 fa-
943 3258 987 3291 cor
998 3259 1050 3292 non
1063 3244 1195 3307 diligenter
1204 3259 1261 3292 enm
1269 3245 1367 3307 legisse,
1381 3253 1483 3297 auna-

355 3324 663 3388 cerepudorimpediebat:
676 3340 723 3374 nec
730 3324 825 3384 dubito,
834 3325 893 3386 quin
943 3330 1003 3377 turc
1015 3336 1160 3392 corruptum
1173 3345 1227 3379 esse
1241 3345 1272 3378 ex
1284 3334 1359 3379 antea
1370 3309 1484 3391 dccix.

349 3406 445 3468 perfice
469 3406 566 3453 illatum
594 3405 624 3453 sit
644 3403 675 3452 ab
696 3418 739 3461 eo,
760 3404 803 3464 qui
823 3403 892 3451 illam
942 3410 1032 3456 cestra.

353 3489 501 3532 structuram
521 3498 572 3531 non
591 3483 757 3544 perspiceret,
780 3486 805 3529 et
820 3496 891 3542 prae·
974 3501 1028 3535 mea
1048 3489 1208 3548 quoquotum
1227 3501 1310 3535 cauca.
1345 3489 1384 3536 Ita
1397 3495 1484 3541 novis·

353 3563 436 3611 sertim
458 3561 621 3623 Imperetr'rus
641 3561 684 3609 ilie
702 3566 796 3608 temere
815 3560 841 3607 in
862 3574 892 3607 eo
941 3565 1002 3613 sime
1009 3566 1142 3614 correctius
1150 3566 1243 3623 editur,
1258 3567 1320 3622 iam,
1335 3581 1382 3627 pro
1389 3569 1466 3616 etiam
1471 3588 1482 3624 ,-

352 3642 465 3702 ponitur,
486 3640 553 3702 quod
571 3640 705 3701 repandum
723 3643 791 3697 erat,
813 3637 891 3687 uivi-
941 3644 1024 3691 etsie
1051 3644 1164 3692 Bremius
1183 3644 1232 3691 iam
1252 3646 1376 3693 voluerat.
1425 3650 1483 3696 Hoc

353 3719 440 3768 demus
455 3724 467 3778 ξ
484 3720 540 3767 164.
940 3721 1072 3769 discrimen
1092 3727 1130 3770 est
1148 3723 1213 3770 inter
1231 3737 1326 3784 petoque
1346 3729 1372 3772 et
1389 3727 1482 3783 etiam,

389 3799 428 3860 [in
447 3799 558 3846 oratione
577 3796 645 3857 rua}
679 3796 727 3844 Vix
746 3795 805 3852 illa,
828 3809 890 3855 quae
940 3805 968 3848 nt
982 3803 1060 3849 altera
1074 3801 1221 3849 Coniunctio
1235 3803 1340 3849 alteram
1355 3805 1481 3853 excludat.

352 3877 427 3924 modo
440 3872 889 3937 strictimeffirderatCrassus(utipse
975 3881 1031 3927 165.
1049 3893 1126 3940 neque
1145 3893 1188 3943 epo
1205 3881 1242 3927 ita
1266 3883 1344 3929 teneo.
1384 3883 1483 3931 Inserui

353 3955 412 4003 dicit
432 3959 445 4013 ξ
466 3953 535 4018 159),
556 3955 676 4001 orationis
689 3953 788 4016 nomine
802 3953 888 4012 appel·
940 3959 977 4004 ita
991 3971 1005 4004 ο
1019 3956 1144 4015 Ἧῃᾰοῐ).,
1158 3958 1184 4005 in
1199 3958 1252 4006 aliis
1270 3960 1397 4008 omissum,

352 4033 427 4082 landa
441 4037 519 4082 erant.
550 4033 702 4094 interpolata
716 4031 763 4078 ista
776 4029 838 4077 mihi
851 4029 888 4077 vi·
973 4035 1059 4096 quibem
1078 4037 1200 4083 hominum
1220 4040 1313 4086 menter
1333 4041 1359 4086 et
1372 4040 1479 4087 inciten-

352 4112 454 4168 dentur,
470 4126 546 4172 quum
559 4125 591 4159 ne
605 4111 653 4158 hoo
667 4109 766 4171 quidem
780 4107 890 4170 proban-
940 4115 991 4170 tur,
1005 4115 1031 4160 et
1041 4115 1220 4173 reprimantur.
1259 4116 1299 4163 Sic
1306 4116 1373 4163 edidi
1380 4131 1413 4165 ex
1419 4120 1480 4166 Vin·

352 4189 411 4237 dnm
425 4190 463 4248 sit,
473 4194 499 4237 ut
507 4188 617 4249 ,abiecta
624 4189 755 4250 Praepin,
769 4185 888 4235 verbasic
938 4190 1012 4240 dob.:
1032 4193 1102 4254 vulg.
1123 4194 1292 4240 incitarentur
1312 4197 1479 4256 -'reprim0.

350 4267 492 4331 iungantur,
507 4269 618 4317 oratione
631 4282 676 4314 aua
687 4265 776 4314 dilatet
783 4293 825 4312 -.
840 4265 889 4313 Sed
938 4272 1043 4327 rentur,
1066 4275 1192 4331 tamquam
1206 4272 1226 4320 si
1239 4272 1302 4320 haec
1316 4273 1348 4321 ad
1362 4276 1480 4334 praeced.

351 4346 655 4408 hocquoquenotandum,
668 4345 888 4393 sineulloanctore
939 4349 1028 4396 dictati
1041 4350 1252 4397 accommodanda
1265 4355 1356 4399 essent.

351 4426 456 4486 refercit
468 4425 614 4474 mutandum
627 4422 706 4471 videri
719 4423 744 4468 in
756 4421 887 4481 conferrit,
971 4428 1002 4474 de
1015 4429 1099 4476 nostro
1115 4429 1192 4490 [ipro]
1208 4429 1264 4476 iure
1277 4429 1351 4477 1111111.
1387 4430 1438 4478 11111
1449 4431 1479 4478 11-

351 4504 419 4564 quod
431 4503 765 4566 verbumipsumnullosane
773 4500 887 4560 exemplo
937 4503 976 4554 bri
989 4504 1020 4551 de
1033 4507 1085 4566 ipm
1099 4509 1190 4554 nostro.
1226 4507 1275 4555 Sed
1289 4507 1351 4555 nihil
1363 4507 1478 4570 hucper-

351 4582 418 4641 apud
431 4582 576 4630 Ciceronem
589 4583 713 4637 firmatur,
728 4577 773 4626 sed
779 4582 888 4638 praestat
936 4584 999 4632 tinet
1020 4587 1095 4632 Pron.
1116 4587 1211 4646 iprum,
1233 4599 1282 4647 quo
1303 4600 1361 4633 mox
1376 4587 1479 4635 Cramm
