3242 5500
443 538 556 599 1111111
583 538 733 587 narnus.
763 520 780 599 S
808 517 889 587 138.
1186 515 1232 583 59

110 705 225 805 nium]
266 710 464 781 communia
501 716 534 780 et
566 710 713 781 contrita
737 715 922 803 praecepta
947 704 1132 779 didicisse:
1160 706 1230 802 pri·
1259 724 1305 770 138

110 844 207 893 mum
244 819 388 891 oratoris
424 818 577 889 officium
614 842 689 889 esse
727 817 842 889 dicere
875 816 920 889 ad
949 813 1232 911 persuadendum

109 927 388 1003 accommodate:
428 926 555 1000 deinde
593 951 667 998 esse
704 950 845 998 omnem
882 925 1073 997 orationem
1102 932 1163 995 aut
1189 923 1233 995 de

108 1037 265 1110 infinitae
298 1036 347 1108 rei
372 1035 596 1131 quaestione,
628 1036 710 1107 sine
735 1034 979 1129 designatione
1004 1057 1232 1128 personarum

110 1155 142 1219 et
166 1154 388 1242 temporum,
415 1152 476 1216 aut
501 1144 605 1215 dere
630 1144 733 1216 certis
757 1144 795 1215 in
822 1142 980 1239 personis
1006 1166 1045 1213 ac
1067 1143 1232 1237 tempori·

108 1256 173 1327 bus
205 1256 335 1327 locata:
369 1254 407 1325 in
440 1262 588 1349 utraque
612 1260 728 1325 autem
753 1278 807 1337 re,
839 1251 1007 1348 quicquid
1032 1252 1070 1323 in
1093 1259 1229 1323 contro·
1260 1280 1305 1327 raa

109 1364 255 1436 versiam
288 1364 426 1448 veniat,
463 1363 499 1434 in
530 1387 571 1433 eo
596 1362 715 1458 quaeri
740 1361 850 1433 solere
874 1372 935 1432 aut
959 1362 1137 1433 factumne
1162 1360 1232 1446 sit,

108 1481 188 1558 aut,
227 1474 257 1544 si
287 1480 339 1544 est
369 1472 524 1557 lactum,
557 1471 660 1568 quale
685 1472 754 1556 sit,
781 1470 970 1543 autetiam
996 1495 1065 1566 quo
1090 1471 1232 1542 nomine

111 1593 265 1667 vocetur,
304 1589 390 1666 aut,
428 1580 523 1676 quod
561 1580 723 1651 nonnulli
749 1579 910 1665 addunt,
936 1588 1075 1652 rectene
1100 1580 1232 1652 facturn

110 1715 181 1763 esse
217 1690 392 1762 videatur:
432 1691 597 1762 exsistere
633 1701 749 1762 autem
780 1690 1032 1761 controversias
1058 1690 1163 1761 etiam
1189 1713 1232 1763 ex
1260 1717 1306 1763 uo

111 1799 225 1896 scripti
265 1798 574 1893 interpretatione,
613 1798 650 1869 in
688 1823 758 1893 quo
794 1806 855 1869 aut
884 1796 1051 1893 ambigue
1075 1797 1162 1894 quid
1186 1798 1232 1869 sit
1266 1815 1274 1830 ‘

112 1909 301 2005 scriptum,
328 1915 388 1979 aut
411 1908 606 1992 contrarie,
632 1915 696 1979 aut
720 1908 792 1992 ita,
819 1915 902 1987 uta
926 1908 1098 1979 sententia
1124 1907 1230 2001 scrip·

110 2027 185 2089 tura
221 2016 409 2089 dissideat:
449 2016 503 2087 his
540 2023 657 2087 autem
694 2015 859 2088 omnibus
895 2016 1054 2113 partibus
1080 2016 1234 2090 subiecta

113 2125 282 2221 quaedam
308 2150 382 2197 csse
407 2132 615 2220 argumenta
640 2126 795 2221 propria:
829 2125 891 2198 sed
911 2149 1118 2210 causarum,
1145 2150 1234 2220 quae
1261 2150 1305 2194 111

113 2235 180 2306 sint
204 2258 224 2307 a
249 2234 428 2307 communi
454 2234 657 2330 quaestione
680 2234 874 2319 seiunctae,
901 2234 1078 2330 partimin
1093 2235 1234 2306 iudiciis

113 2343 263 2429 versari,
302 2343 430 2439 partim
468 2344 504 2415 in
532 2342 864 2415 deliberationibus:
891 2339 966 2415 esse
991 2344 1096 2415 etiam
1122 2368 1234 2439 genus

114 2453 277 2536 tertimn,
304 2451 399 2547 quod
422 2453 460 2523 in
486 2452 671 2524 laudandis
697 2460 756 2523 aut
780 2452 1020 2546 vituperandis
1033 2451 1235 2525 hominibus

114 2570 314 2655 poneretur:
349 2569 528 2658 certosque
558 2586 632 2634 esse
658 2562 750 2634 locos
775 2561 905 2657 'quibus
930 2562 967 2633 in
993 2562 1132 2634 iudiciis
1157 2570 1233 2635 nte·

114 2694 244 2758 remur,
284 2671 321 2742 in
360 2670 488 2767 quibus
522 2671 680 2768 aequitas
705 2680 945 2769 quaereretur,
972 2670 1058 2743 alios
1083 2672 1120 2743 in
1146 2670 1232 2744 deli·

114 2779 376 2866 berationibus,
414 2805 503 2877 quae
540 2806 660 2854 omnes
697 2782 742 2853 ad
778 2781 969 2853 utilitatem
1001 2781 1236 2876 dirigerentur

115 2913 253 2976 eorum,
294 2890 422 2986 quibus
454 2891 640 2963 consilium
667 2891 849 2976 daremus,
875 2890 962 2962 alios
986 2891 1072 2962 item
1097 2891 1135 2962 in
1161 2891 1235 2962 lau-

115 2997 330 3084 dationibus,
356 2999 547 3095 inquibus
574 3001 618 3071 ad
643 3023 873 3096 personarum
894 2999 1104 3094 dignitatem
1117 2999 1235 3072 omnia

49 3274 51 3280 ’
116 3284 175 3331 illud
187 3284 474 3344 omninm.Conf.§165.
493 3288 567 3343 Mox,
584 3288 648 3334 trita
698 3291 831 3349 praecepta
850 3285 1012 3347 excitantur),
1034 3290 1062 3333 ut
1082 3301 1136 3333 eam
1156 3289 1235 3334 nomi·

116 3367 217 3422 praestat
235 3367 335 3426 legere,
358 3377 417 3424 prae
437 3364 507 3425 vulg.
523 3365 647 3423 coutrita,
698 3368 758 3413 nent
784 3365 971 3420 tantummodo,
999 3364 1025 3412 id
1052 3366 1119 3425 quod
1144 3365 1234 3414 diserte

116 3441 177 3500 quod
199 3442 363 3504 compositum
383 3441 436 3490 fere
450 3446 602 3490 contemtum
616 3443 646 3490 si·
698 3443 767 3504 ponit
782 3444 883 3490 Crassus
896 3444 946 3490 111.
962 3447 974 3500 ξ
991 3443 1047 3490 110.
1065 3443 1134 3491 Nihil
1145 3449 1234 3502 restat,

117 3519 219 3578 gnificat.
698 3521 744 3569 nisi
764 3527 792 3568 ut
812 3521 949 3583 corrigatur
969 3522 996 3566 in
1016 3523 1085 3568 certa
1102 3524 1184 3568 autem
1198 3535 1234 3569 re.

147 3598 244 3646 13111
264 3601 372 3658 utreque
391 3600 520 3646 catemre.
556 3600 647 3646 Verum
698 3600 833 3660 Propterea
851 3613 901 3646 non
915 3599 1051 3646 videturin
1066 3603 1078 3656 t
1095 3601 1156 3656 141,
1171 3604 1235 3647 tam-

104 3689 164 3722 esae
184 3690 234 3723 non
248 3681 347 3738 potest,
363 3676 516 3736 quoniamin
531 3676 577 3724 hac
591 3691 646 3724 ver·
699 3691 771 3736 quam
799 3677 818 3723 si
845 3677 889 3722 illa
916 3676 1042 3736 superiora
1062 3677 1094 3724 ad
1113 3676 1233 3726 infinitam

116 3749 197 3800 borum
218 3753 396 3816 compositione
411 3754 517 3815 utraque
530 3768 571 3802 rea
582 3754 647 3802 refe·
698 3754 867 3816 quaestionem
880 3756 1047 3816 pertinerent,
1068 3760 1121 3803 tum
1135 3755 1235 3805 demum

116 3830 187 3878 reuda
207 3832 254 3880 erit
274 3837 326 3881 tam
346 3832 378 3879 ad
391 3833 511 3880 infinitam
526 3833 648 3893 quaestio-
698 3833 730 3880 ad
754 3834 860 3880 alterum
884 3847 964 3895 genus
984 3833 1158 3893 explicandum
1178 3850 1234 3897 per·

117 3921 182 3966 nem,
210 3924 284 3970 quam
305 3910 338 3958 ad
358 3925 425 3969 eam,
447 3911 556 3971 quaein
576 3912 648 3960 certis
698 3910 1235 3975 gere:ideoqueisticuonaedcaaanram—,

116 3987 219 4044 personis
246 3990 328 4036 locata
355 3994 404 4037 est:
433 3987 500 4049 atqui
526 3990 648 4051 primum,
698 3988 742 4037 sed
755 3992 780 4036 et
794 4003 925 4037 causarum
939 3990 1072 4052 legendnm
1081 3991 1135 4049 erit,
1151 4006 1236 4052 quem-

117 4065 219 4124 quaastio
238 4082 291 4115 non
314 4073 366 4116 erat
385 4069 423 4114 rer'
443 4067 542 4116 nomine
562 4068 647 4129 appel·
698 4067 832 4116 admodum
846 4072 859 4126 ξ
875 4069 922 4115 143
936 4067 968 4114 ad
981 4068 1030 4115 alia
1042 4083 1149 4131 pergens
1161 4071 1233 4129 dicit,

117 4141 648 4206 1111111111,11111111111111111111111111,
699 4147 773 4194 etiam
788 4146 833 4192 illa
847 4159 984 4206 cognoram.

118 4219 258 4270 alienissima
273 4228 332 4271 sunt
345 4221 376 4272 ab
389 4223 483 4272 infinita
497 4225 647 4285 quaestione,
734 4226 789 4272 141.
809 4238 871 4284 qaae
884 4239 973 4272 omnen.
995 4227 1076 4274 Antea
1088 4225 1129 4274 edi
1140 4225 1236 4275 solebat

118 4296 140 4344 11
165 4313 212 4360 qua
239 4315 321 4362 neque
348 4300 472 4350 factumne
494 4302 540 4360 sit,
568 4317 649 4364 neque
699 4303 741 4364 qui
755 4316 848 4360 amaea,
863 4291 1235 4367 tamquamsilaea'intelligendi

118 4376 207 4438 reliqna
237 4383 399 4440 quaeruntur.
441 4380 556 4437 Accedit,
583 4381 649 4441 quod
699 4385 788 4428 essent.
811 4381 885 4439 Quod
895 4396 1049 4430 correxeram
1061 4397 1131 4443 qaae,
1145 4396 1236 4445 nempe

118 4452 231 4506 infinitam
264 4458 433 4518 quaestionem
464 4458 497 4506 ita
533 4458 648 4508 intactam
699 4459 900 4515 deliberationes,
915 4466 971 4521 post
982 4460 1033 4508 vidi
1044 4459 1163 4508 librorum
1177 4475 1233 4510 auc·

119 4533 266 4594 reliquerunt
292 4536 405 4586 rhetores
433 4535 549 4600 (quorum
582 4552 649 4587 nune
700 4536 796 4584 toritate
813 4536 903 4584 fulciri.
