3242 5500
364 768 395 813 aa
421 738 536 811 surda.
588 738 652 809 Est
678 744 794 808 autern
821 736 965 822 vitium,
992 737 1088 832 quod
1113 736 1276 808 nonnulli
1302 736 1347 807 de
1373 736 1531 810 industria

420 856 684 921 consectantur:
712 846 840 918 rustica
866 870 933 917 vox
958 854 993 917 et
1018 846 1164 941 agrestis
1189 845 1528 941 quosdam-delectat,

421 982 490 1053 quo
529 957 641 1053 magis
677 955 945 1051 antiquitatem,
981 956 1011 1027 si
1045 956 1094 1028 ita
1127 963 1242 1039 sonet,
1277 979 1401 1027 eorum
1436 981 1529 1029 sermo

419 1068 568 1140 retinere
606 1065 778 1149 videntum
815 1073 856 1136 ut
890 1073 993 1151 tuus,
1030 1065 1175 1150 Catule,
1211 1064 1339 1136 sodalis
1370 1065 1414 1136 L.
1443 1066 1528 1136 Cotta

420 1177 572 1273 gaudere
606 1174 693 1248 mihi
718 1174 857 1245 videtur
881 1174 1052 1269 gravitate
1077 1174 1240 1269 linguae,
1269 1198 1429 1271 sonoque
1453 1177 1527 1247 voois

418 1286 567 1383 agresti,
607 1293 640 1356 et
675 1284 782 1369 illud,
821 1283 917 1379 quod
955 1284 1127 1379 loquitur,
1166 1284 1321 1379 priscum
1362 1284 1473 1357 visum
1494 1284 1527 1355 iri

417 1404 536 1494 putat,
564 1395 593 1467 si
616 1395 719 1489 plane
736 1393 840 1465 fuerit
856 1392 1084 1465 rusticanum.
1112 1392 1174 1464 Me
1190 1401 1309 1465 autem
1327 1402 1412 1465 tuus
1426 1418 1526 1477 sonus,

418 1515 451 1578 et
485 1504 635 1577 suavitas
667 1503 732 1574 ista
757 1502 921 1586 deleotat;
947 1503 1073 1574 omitto
1098 1500 1303 1587 verborum,
1329 1526 1527 1599 quamquam

417 1624 470 1687 est
502 1622 628 1711 eaput,
665 1636 784 1684 verum
819 1611 857 1683 id
882 1612 983 1683 affert
1007 1611 1113 1697 rati0,
1140 1610 1436 1697 doeentliterae,
1459 1636 1525 1684 oon-

416 1726 532 1797 firmat
568 1721 784 1795 consuetudo
821 1730 856 1793 et
892 1721 1032 1815 legendi
1068 1730 1103 1793 et
1136 1720 1323 1814 loquendi:
1361 1722 1425 1793 sed
1454 1721 1526 1792 hane

416 1835 493 1906 dieo
530 1832 753 1917 suavitatem,
790 1856 881 1927 quae
914 1831 985 1903 exit
1016 1855 1058 1902 ex
1087 1831 1525 1926 ore3quaequiden1‚ut

415 1943 508 2039 apud
532 1940 683 2013 Graecos
709 1941 928 2025 Atticorum,
955 1941 1004 2011 sie
1030 1940 1066 2011 in
1093 1939 1221 2011 Latino
1248 1964 1410 2013 sermone
1436 1940 1524 2011 huius

361 2082 391 2125 ia
416 2062 469 2125 est
501 2052 597 2123 urbis
632 2053 782 2123 maxime
819 2050 971 2146 propria.
1024 2048 1175 2121 Athenis
1200 2050 1270 2121 iam
1296 2050 1359 2121 diu
1384 2050 1525 2121 doctrina

416 2166 570 2260 ipsorum
605 2160 876 2233 Atheniensium
911 2159 1062 2237 interiit:
1096 2158 1312 2230 domicilium
1339 2168 1473 2231 tantum
1495 2160 1523 2228 in

414 2274 474 2346 illa
499 2271 585 2343 urhe
610 2278 767 2341 remanet
793 2257 1010 2353 studiorum,
1037 2268 1168 2363 quibus
1185 2278 1310 2341 vacant
1328 2269 1439 2354 aives,
1462 2292 1525 2364 per·

414 2384 527 2478 egrini
565 2381 743 2460 fruuntur,
778 2378 872 2474 capti
907 2378 1060 2474 quodam
1087 2378 1190 2449 rnodo
1216 2382 1361 2452 nomine
1387 2378 1478 2449 urhis
1499 2385 1524 2446 et

414 2491 636 2565 auctoritate:
664 2497 781 2561 tamen
809 2488 1064 2560 eruditissimos
1091 2488 1249 2559 homines
1270 2488 1444 2560 Asiaticos
1460 2487 1522 2583 qui·

413 2604 464 2674 vis
495 2599 722 2672 Atheniensis
747 2597 931 2683 indoctus,
966 2620 1037 2668 non
1064 2596 1198 2682 verbis,
1224 2596 1287 2668 sed
1313 2596 1522 2678 sonaveris,

413 2737 477 2799 neo
514 2719 585 2783 tarn
619 2708 729 2795 bene,
760 2731 867 2804 quarn
895 2708 1046 2780 suaviter
1070 2706 1247 2803 loquendo
1274 2706 1375 2780 iaoile
1400 2729 1522 2802 supera·

413 2823 477 2898 hit.
505 2821 627 2892 Nostri
653 2819 769 2891 minus
796 2817 940 2890 student
966 2817 1096 2903 literis,
1122 2840 1228 2911 quam
1255 2816 1393 2890 Latini:
1420 2826 1520 2888 tameo

415 2931 580 3014 existis,
608 2952 695 3024 quos
722 2927 851 3012 nostiS,
878 2926 1040 3012 urbanis,
1067 2927 1104 2997 in
1131 2925 1260 3021 quibus
1281 2927 1463 2998 minimum
1482 2931 1523 2994 est

414 3043 615 3123 literarum,
654 3062 757 3109 nemo
795 3044 868 3120 est,
905 3036 991 3130 quin
1029 3035 1308 3107 literatissimum
1342 3044 1522 3130 togatorum

414 3150 591 3234 omnium,
625 3149 670 3224 Q.
698 3146 878 3218 Valerium
905 3146 1097 3230 Soranum,
1125 3145 1270 3217 lenitate
1296 3145 1407 3230 vocis,
1432 3151 1522 3237 atque

345 3278 388 3346 19,
414 3262 492 3357 ipso
529 3259 598 3331 oris
632 3281 754 3355 pressu
780 3264 815 3328 et
841 3279 927 3327 sono
952 3255 1053 3327 iaoile
1079 3254 1221 3326 vineat·
1261 3256 1399 3340 Quare,
1426 3276 1521 3349 quum

357 3397 390 3440 aa

422 546 491 615 288
666 636 669 645 .
765 562 878 611 mauu
904 563 1076 613 suarius.
1104 544 1207 627 §At

1599 823 1601 881 l

448 3581 489 3626 42.
508 3579 545 3626 est
558 3578 640 3623 autam
653 3575 748 3622 vitiam.
780 3575 834 3636 Ego
849 3588 899 3621 non
912 3573 951 3621 of·
1000 3572 1077 3621 verbo
1100 3572 1205 3620 adiecto.
1241 3573 1388 3628 Praeterea,
1403 3569 1521 3633 improprie

414 3658 503 3706 tendor
524 3657 611 3703 iterato
632 3653 687 3702 attii
708 3650 800 3710 verbo,
823 3651 951 3713 postilla,
1000 3652 1115 3700 laudatur
1128 3665 1186 3709 vox,
1200 3649 1226 3697 in
1240 3664 1288 3710 qua
1300 3648 1522 3709 nihilsonarepaait

414 3739 473 3784 auat
487 3735 557 3783 certa
570 3733 639 3780 vitia.
999 3731 1167 3793 peregrinum.
1183 3731 1251 3787 Mox,
1260 3743 1305 3776 suo
1313 3731 1377 3783 loeo,
1380 3727 1521 3791 perepriaam

448 3813 622 3875 antiquitatem
636 3836 669 3846 --
682 3809 799 3856 reti-nare.
818 3807 895 3855 Nihili
906 3813 952 3864 est,
1000 3810 1155 3858 insolentiam
1171 3809 1288 3870 appellat.

416 3894 440 3940 in
461 3893 508 3940 hac
528 3889 663 3946 sententia,
685 3888 794 3936 retinere
814 3888 951 3948 antiquita·
1033 3892 1074 3936 45.
1095 3887 1239 3949 [Laetiam].
1259 3887 1362 3934 Minime
1373 3883 1482 3932 credibile
1492 3887 1524 3929 est

416 3975 464 4020 tem
474 3991 482 4016 :
494 3970 563 4025 sed,
578 3983 653 4028 quum
668 3967 699 4015 de
713 3981 773 4014 sono
788 3966 881 4028 agitur,
897 3980 951 4014 eor·
1001 3967 1116 4014 Crassum
1137 3980 1229 4014 nomen
1251 3965 1299 4014 hoe
1320 3965 1482 4026 appellavisse.
1494 3985 1521 3994 -

415 4049 558 4113 rigandum,
573 4047 614 4094 vel
629 4047 752 4101 retinere,
768 4045 951 4101 velretiaaire,
1001 4047 1076 4100 Mox,
1104 4044 1187 4091 malim
1211 4045 1326 4102 aaroni,
1348 4057 1416 4104 quam
1435 4053 1520 4090 roasa·

332 4146 335 4152 ¹
415 4142 477 4190 quae
485 4125 604 4174 eorrectio
612 4123 753 4172 adhibenda
761 4122 813 4171 visa
821 4128 858 4171 est
866 4125 951 4181 Bruto,
1001 4125 1073 4182 rant,
1098 4123 1190 4185 quippe
1210 4124 1350 4184 antiquitas
1366 4121 1408 4168 illa
1427 4134 1474 4167 non
1492 4122 1522 4164 est

415 4213 427 4267 ξ
449 4208 504 4256 171.
1001 4201 1124 4251 obiectum
1139 4202 1288 4263 positivum,
1303 4202 1347 4250 sed
1360 4213 1425 4248 more
1437 4199 1520 4246 anum

448 4289 489 4333 44.
510 4284 587 4346 [aiiii
602 4295 690 4328 sonare
707 4283 752 4327 aut
765 4283 830 4328 utere
840 4280 951 4343 perepri-
1001 4286 1026 4330 et
1046 4280 1224 4328 consuetudine
1246 4280 1394 4341 exprimitur.
1413 4305 1444 4312 —
1464 4274 1520 4321 Mal·

415 4365 497 4425 nam}
542 4362 600 4423 Ipsa
626 4359 760 4407 cumulatio
784 4357 952 4406 verboruma
1002 4360 1083 4406 torum
1096 4360 1356 4418 samonaeapertes,
1372 4357 1388 4402 i.
1402 4370 1425 4404 e.
1439 4368 1520 4403 sermo-

415 4441 538 4491 differenti
558 4453 648 4502 genere
663 4437 831 4486 translationis
854 4436 953 4500 (sonare
1001 4438 1040 4485 nis
1059 4438 1126 4494 eius,
1147 4452 1195 4498 quo
1209 4439 1301 4500 vulgus
1315 4438 1398 4491 utitur,
1415 4432 1519 4483 airaiioi.

415 4527 440 4570 et
453 4519 540 4583 olere),
555 4518 644 4580 arguit,
652 4516 872 4565 istainsititiaesse.
891 4517 952 4563 Per·
1035 4516 1065 4562 at
1078 4516 1141 4562 aiiii
1152 4516 1325 4564 ostentationis
1337 4515 1378 4562 aat
1389 4511 1521 4561 initiationis

415 4605 489 4663 petuo
513 4599 556 4646 ista
579 4597 645 4644 nude
659 4599 800 4658 ponuntur,
821 4595 891 4642 nullo
904 4594 952 4641 alio
976 4633 978 4645 .
1002 4595 1226 4653 afferrevideatur.
1246 4589 1518 4641 idemdicashoemodo:
