3242 5500
460 542 573 589 arnna
600 541 789 589 snouunus
817 524 835 603 §
862 524 894 593 7.
1169 522 1237 594 123

122 742 174 800 se,
203 715 255 786 vel
288 722 329 785 ut
359 738 418 799 ea,
446 738 537 808 quae
563 713 799 785 existimarem
824 737 845 783 a
870 712 1017 784 summis
1042 712 1238 783 oratoribus

121 825 160 896 de
191 823 389 918 eloquentia
423 822 594 895 divinitus
628 846 702 893 esse
728 821 841 907 dicta,
868 820 1081 893 custodirem
1105 821 1237 907 literis,

121 934 147 1007 si
178 932 249 1005 ullo
278 931 383 1003 modo
408 932 548 1027 assequi
573 931 829 1028 complectique
854 930 1064 1027 potuissem3
1088 932 1142 1003 vel
1167 956 1238 1004 me·

121 1041 252 1115 hercule
286 1042 412 1127 etiam,
447 1048 487 1113 ut
513 1040 654 1113 laudem
680 1064 800 1111 eorum
826 1041 896 1112 iam
922 1064 1031 1136 prope
1057 1065 1238 1114 senescen-

122 1159 205 1235 tem,
231 1158 404 1247 quantum
430 1174 496 1245 ego
521 1174 679 1245 possem,
707 1147 750 1220 ab
777 1148 952 1221 oblivione
977 1149 1161 1221 hominum
1185 1158 1237 1223 at·

121 1285 184 1356 que
219 1255 271 1355 [a]
303 1259 442 1333 silentio
467 1259 693 1331 vindicarem.
746 1258 860 1344 Nam,
888 1260 917 1330 si
943 1283 986 1331 ex
1012 1258 1151 1354 scriptis
1175 1284 1232 1331 co·
1265 1281 1279 1325 s

120 1370 234 1465 gnosci
271 1369 339 1465 ipsi
370 1370 442 1441 suis
468 1369 687 1464 potuissent,
725 1368 844 1441 minus
878 1367 942 1440 hoc
976 1367 1120 1440 fortasse
1149 1369 1238 1442 mihi

121 1504 188 1550 esse
200 1485 378 1575 putassem
391 1476 640 1551 laborandum:
669 1476 750 1562 sed,
777 1501 889 1571 quum
902 1477 1071 1549 alternon
1085 1478 1238 1551 multum

124 1588 227 1684 (quod
247 1586 393 1683 quidem
419 1589 604 1672 exstaret),
632 1594 667 1657 et
692 1586 731 1657 id
755 1586 873 1681 ipsum
899 1586 1120 1671 adolescens,
1152 1587 1239 1660 alter

121 1696 204 1769 nihil
237 1694 430 1768 admodum
467 1695 588 1790 scripti
623 1695 840 1789 reliquisset3
877 1694 997 1767 deberi
1033 1694 1098 1769 hoc
1132 1721 1152 1769 a
1181 1721 1239 1769 me

121 1805 221 1881 tantis
243 1804 428 1877 hominum
446 1804 598 1899 ingeniis
623 1804 764 1899 putavi,
792 1810 854 1891 ut,
880 1829 991 1899 quum
1015 1805 1121 1877 otiam
1143 1830 1238 1880 nunc

122 1915 226 1987 vivam
256 1913 399 1987 illorum
422 1913 626 1985 memoriam
645 1920 865 1998 teneremus,
892 1911 982 1984 hane
1005 1914 1239 1989 immortalem

122 2024 316 2108 redderem,
353 2023 382 2095 si
416 2047 565 2119 possem.
619 2021 725 2097 Quod
755 2019 821 2093 boc
843 2021 948 2093 etiam
971 2047 1033 2118 spe
1054 2024 1280 2118 aggrediors

123 2132 244 2205 maiore
284 2132 329 2203 ad
367 2131 608 2229 probandum,
650 2131 733 2227 quia
770 2155 841 2202 non
878 2130 922 2202 de
965 2131 1038 2203 Ser.
1106 2132 1240 2213 Galbae

124 2249 177 2313 aut
199 2241 239 2313 C.
267 2240 439 2313 Carbonis
464 2240 663 2336 eloquentia
688 2238 800 2312 scribo
824 2239 979 2336 aliquid,
1004 2240 1042 2312 in
1056 2242 1240 2338 quolieeat

124 2350 204 2423 mihi
225 2351 381 2445 fingere,
419 2351 448 2421 si
471 2350 558 2446 quid
578 2350 702 2435 velim,
739 2349 871 2422 nullius
901 2350 1067 2421 memoria
1090 2350 1160 2423 iam
1183 2377 1240 2424 me

124 2460 318 2532 refellente:
346 2458 407 2531 sed
433 2458 498 2530 ado
523 2457 608 2531 haec
632 2460 675 2531 iis
697 2457 959 2552 cognoscenda,
986 2458 1048 2555 qui
1057 2484 1115 2532 eos
1126 2461 1238 2557 ipsos,

125 2568 321 2665 dequibus
353 2567 497 2663 loquor,
534 2592 636 2663 saepe
669 2568 877 2652 audierunt;
909 2576 948 2639 ut
972 2568 1060 2641 duos
1085 2595 1241 2642 summos
1306 2634 1313 2647 .

125 2677 208 2751 viros
229 2678 295 2763 iis,
323 2676 384 2773 qui
408 2685 574 2750 neutrum
599 2678 739 2751 illorum
759 2676 928 2764 viderint,
951 2701 1089 2765 eorum,
1111 2678 1241 2775 quibus

125 2787 220 2862 ambo
258 2783 329 2883 [illi
360 2782 528 2882 oratores]
568 2786 701 2882 cogniti
727 2787 818 2873 sint,
843 2787 1001 2860 vivorum
1023 2794 1058 2858 et
1078 2813 1240 2884 praesen·

124 2896 207 2970 tium
230 2895 400 2970 memoria
420 2905 506 2970 teste
528 2896 824 2968 commendemus.
1269 2944 1290 3011 3

168 3007 241 3079 Nec
271 3028 353 3078 vero
385 3013 441 3092 te,
477 3006 658 3101 carissime
682 3006 789 3078 frater
813 3013 920 3100 atque
949 3006 1102 3103 optime,
1128 3005 1241 3079 rheto·
1269 3045 1299 3089 10

125 3297 178 3346 mihi
202 3298 303 3347 videtur
337 3312 409 3359 quam
436 3299 511 3346 etiam
531 3311 596 3346 auae
615 3304 656 3344 4.
706 3311 773 3344 nunc
786 3295 897 3344 facturus
910 3300 1029 3344 nonerat.
1048 3297 1242 3360 Corrigendum,

125 3377 196 3434 Tum,
210 3378 291 3438 modo
297 3411 303 3434 ,
318 3376 507 3438 corrigendum,
523 3379 639 3424 tenerem.
706 3377 733 3422 ia
747 3389 793 3437 qao
808 3376 896 3422 licebat
908 3402 955 3433 -‚
969 3376 991 3422 ai
1005 3374 1067 3436 qaid
1078 3378 1169 3422 vellem

155 3455 177 3501 9.
195 3456 259 3516 qaod
271 3455 317 3503 hoc
330 3455 403 3502 etiam
416 3469 459 3515 ape
469 3454 656 3518 apprediorma·
729 3453 1075 3514 quibaaamboputaratoree]
1085 3454 1242 3516 aequitiaiat.

125 3533 171 3580 lore
189 3533 396 3594 adprobandum.
430 3535 529 3582 Frustra
543 3531 605 3580 haec
618 3532 656 3580 in·
706 3531 773 3578 Ferri
787 3545 838 3578 non
852 3535 987 3592 potestat,
1001 3531 1026 3577 in
1041 3531 1167 3579 Praesenti
1179 3536 1242 3580 tem·

124 3612 248 3671 terpretari
268 3616 372 3659 conatus
387 3615 423 3659 est
436 3611 575 3660 Ellendtius
589 3610 621 3658 ad
636 3611 656 3658 l.
705 3623 781 3670 pore,
796 3609 832 3656 illi
846 3608 959 3656 dicantur
974 3608 1065 3673 copatti
1075 3622 1135 3655 esee.
1161 3612 1244 3668 Quare

126 3691 137 3747 ᾗ
152 3689 189 3738 15.
206 3689 272 3749 Quid
285 3688 476 3752 aggrediebatur
484 3689 585 3738 Cicero?
600 3689 656 3746 hoc,
706 3702 756 3737 non
770 3685 870 3745 dubito,
885 3686 945 3748 quin
958 3686 1007 3734 hoe
1023 3686 1141 3748 scriptum
1153 3686 1243 3747 fuerit,

125 3771 150 3816 ut
163 3767 241 3818 Crassi
255 3773 281 3817 et
293 3767 395 3816 Antonii
406 3769 656 3817 memoriamimmor·
706 3767 748 3828 qai
761 3767 830 3814 ambo
843 3765 1014 3826 aequaverant.
1049 3767 1086 3813 Ne
1101 3766 1244 3815 Coniuncti-

125 3846 194 3897 talcm
213 3847 340 3896 redderet.
376 3848 498 3904 Quorsum
516 3846 656 3903 nunciata,
705 3859 751 3893 vus
765 3844 866 3905 quidem
879 3843 1089 3893 huiuslocierat:
1104 3849 1243 3906 praeterea-

125 3925 155 3970 ad
168 3925 345 3985 probandum?
378 3925 446 3974 Nihil
465 3925 506 3972 hic
526 3929 579 3972 erat
598 3939 656 3986 pro·
706 3937 754 3984 que
780 3923 868 3970 inutile
895 3921 1032 3981 emblema,
1059 3923 1098 3970 tui
1118 3925 1244 3983 oratores,

125 3999 237 4051 bandum.
276 4004 424 4060 Praeterea,
445 4001 569 4052 obiectum
588 4001 658 4051 verbi
705 4001 855 4049 tollendum.

125 4080 250 4146 eporedias*
267 4085 305 4131 est
318 4081 344 4128 in
357 4081 470 4129 Relativo
484 4082 555 4144 quod.
590 4079 659 4128 Nihil
741 4081 780 4128 10.
798 4080 843 4127 sed
864 4081 1003 4144 [quoniam]
1024 4082 1075 4130 eive
1094 4082 1186 4130 iudicio
1202 4109 1244 4130 -.

126 4160 239 4220 expedio,
259 4160 308 4208 nisi
321 4160 371 4208 duo
384 4159 440 4218 illa,
454 4161 488 4207 ad
495 4161 567 4221 prob.
575 4194 582 4218 ,
597 4157 658 4206 abii·
707 4158 783 4205 Recte
812 4157 873 4206 mibi
896 4158 975 4207 omitti
994 4159 1093 4208 videtur
1113 4160 1243 4220 quoniam:

126 4237 226 4288 riantur:
249 4253 282 4286 an
296 4238 414 4288 mutanda
427 4239 453 4288 in
468 4240 502 4286 ad
508 4238 657 4300 periclitaa-
707 4237 835 4286 continent
841 4237 907 4285 enim
918 4237 989 4296 haec,
1004 4237 1245 4300 quaesubiiciuntur,

125 4317 196 4364 dam?
707 4315 897 4376 explicationem
917 4317 1130 4374 antecedentium,
1150 4316 1176 4365 in
1190 4316 1245 4378 qui-

155 4396 180 4441 in
193 4410 240 4457 quo
253 4396 330 4444 liceat
342 4395 403 4442 mitt
410 4396 515 4458 flayere.
541 4397 571 4444 In
586 4395 660 4444 liceat
706 4392 752 4442 bus
774 4393 921 4442 laudabatur
935 4395 1020 4454 Quinti
1033 4395 1115 4443 fratris
1128 4397 1246 4445 orationis

125 4477 148 4520 et
160 4475 280 4523 Praesens
294 4475 319 4522 in
333 4474 393 4522 vitio
406 4478 457 4534 est,
477 4480 501 4524 et
515 4473 658 4522 Coniuncti·
707 4470 829 4522 subtilitas
856 4479 881 4522 et
907 4478 1023 4531 ornatus,
1054 4487 1121 4521 nunc
1147 4475 1246 4524 additur

125 4566 181 4611 vus,
202 4553 320 4614 quoniam
341 4567 421 4602 sermo
437 4557 473 4602 est
487 4553 518 4602 de
533 4567 577 4610 eo,
593 4552 659 4613 quod
707 4565 763 4600 eum
776 4557 861 4601 tamen
874 4559 997 4602 oratorem
1010 4567 1145 4614 numquam
1157 4553 1245 4614 falsam
