3242 5500
429 554 543 604 marn
569 553 770 604 sncnuuus.
798 537 817 618 t
845 505 925 607 117]
1172 534 1241 604 169

115 725 218 797 ribus
241 735 531 822 argumentorum
555 726 691 823 copiam
715 733 927 821 suggerunt:
954 726 1067 821 quod,
1089 725 1194 797 etiam
1212 726 1241 797 si

117 836 163 907 ad
198 835 435 908 instituendos
468 835 746 908 adolescentulos
781 836 895 931 magis
928 843 1050 931 aptum
1082 843 1154 920 est,
1180 842 1241 921 ut,

118 944 228 1016 simul
262 969 302 1016 ao
336 948 450 1041 posita
481 970 585 1017 causa
619 945 684 1030 sit,
715 943 888 1030 habeant,
915 969 986 1041 quo
1011 969 1047 1016 se
1070 944 1242 1030 referent,

118 1054 217 1127 unde
254 1055 372 1125 statim
410 1054 574 1151 expedita
607 1053 744 1149 possint
778 1061 985 1149 argumenta
1020 1051 1243 1150 depromere,

118 1172 239 1234 tamen
274 1171 308 1234 et
343 1163 434 1235 tardi
469 1163 604 1260 ingenii
639 1170 692 1235 est
727 1163 857 1235 rivulos
891 1163 1103 1249 consectari,
1129 1163 1245 1234 fontes

121 1297 194 1343 non
216 1271 354 1359 videre,
381 1280 416 1344 et
440 1273 510 1344 iam
535 1272 660 1345 aetatis
685 1279 737 1344 est
766 1296 921 1368 ususque
945 1272 1055 1344 nostri
1076 1297 1096 1344 a
1114 1273 1244 1368 capite,

121 1381 220 1477 quod
253 1382 422 1468 velimus,
448 1406 640 1468 arcessere,
667 1388 719 1468 et,
745 1381 840 1453 unde
862 1383 980 1456 omnia
1004 1375 1168 1467 manent,
1194 1381 1244 1454 vi-

121 1491 215 1562 dere.
267 1490 315 1563 Et
340 1492 495 1586 primum
525 1514 638 1587 genus
667 1490 756 1563 illud
781 1515 901 1564 earum
922 1515 1060 1578 rerum,
1086 1515 1176 1586 quae
1200 1491 1246 1563 ad
1272 1509 1348 1568 118,

121 1581 295 1671 oratoiem
329 1599 552 1687 deferuntur,
589 1600 795 1673 meditatum
831 1600 931 1672 nobis
965 1602 1003 1672 in
1037 1608 1246 1698 perpetuum

121 1709 167 1782 ad
200 1733 343 1782 omnem
377 1733 482 1782 usum
515 1710 684 1782 similium
711 1734 829 1782 rerum
853 1734 928 1782 esse
947 1709 1101 1782 debebit.
1153 1711 1247 1782 Nam

121 1843 186 1914 pro
220 1817 353 1890 tabulis
389 1826 425 1890 et
458 1827 579 1891 eontra
615 1818 772 1904 tabulas,
805 1844 869 1914 pro
893 1819 1044 1892 testibus
1069 1827 1104 1893 et
1125 1827 1247 1892 contre

121 1935 244 2013 testes,
267 1934 302 1999 et
322 1952 386 2024 pro
398 1927 710 2023 quaestionibus‘et
722 1935 841 2000 contra
854 1928 1089 2022 quaestiones,
1111 1937 1146 2001 et
1163 1929 1247 2002 item
1283 2022 1286 2029 Ι

122 2038 167 2109 de
190 2037 317 2110 ceteris
340 2036 445 2109 rebus
468 2037 625 2111 eiusdem
649 2037 810 2134 geuene,
837 2036 890 2109 vel
917 2040 1103 2133 seperatim
1132 2039 1247 2110 dicere

123 2147 278 2219 solemus
312 2147 357 2218 de
392 2171 521 2242 genere
555 2150 738 2233 universo,
775 2147 832 2218 vel
862 2146 1003 2218 definite
1031 2147 1075 2218 de
1097 2147 1247 2243 singulis

123 2255 365 2352 temporibus,
391 2255 614 2343 hominibus,
638 2256 771 2328 causis:
799 2280 887 2351 quos
910 2256 1054 2351 quidem
1066 2255 1158 2328 locos
1175 2261 1246 2342 (vo-

122 2365 179 2437 bis
206 2366 293 2451 hoc,
325 2365 429 2437 Cotta
457 2373 493 2437 et
522 2366 677 2462 Sulpici,
702 2365 795 2452 dico)
823 2365 933 2437 multa
956 2365 1248 2437 commentatione

121 2483 229 2570 atque
261 2474 489 2546 meditatione
521 2483 660 2571 paratos
694 2482 801 2570 atque
833 2473 1013 2569 expeditos
1036 2473 1164 2546 habere
1187 2474 1245 2546 de·

121 2583 229 2656 betis.
279 2583 444 2680 Longum
475 2593 528 2656 est
558 2585 653 2656 eninr
680 2607 775 2656 nunc
804 2608 861 2655 me
886 2584 1076 2678 explicare,
1102 2609 1173 2679 qua
1194 2609 1247 2656 ra·
1278 2607 1322 2654 no

122 2695 221 2766 tione
262 2701 324 2766 aut
360 2695 585 2781 confirmare,
623 2704 683 2766 aut
715 2694 893 2766 infirmare
927 2700 1054 2779 testes,
1092 2693 1247 2781 tabuluS,

122 2804 348 2900 quaestiones
381 2812 550 2900 oporteat.
614 2802 715 2875 Haec
751 2811 833 2875 sunt
868 2803 986 2902 omnia
1022 2802 1157 2898 ingenii
1194 2804 1249 2875 vel

120 2913 328 2997 mediocris,
354 2913 612 2985 exercitationis
633 2921 752 2985 autem
769 2912 957 2985 maximae:
978 2920 1087 2984 artem
1105 2912 1248 3007 quidem

120 3031 156 3095 et
180 3031 367 3118 praecepta
388 3021 558 3094 duntaxat
581 3021 750 3094 hactenus
774 3022 979 3117 requirunt,
1005 3029 1046 3093 ut
1071 3021 1174 3093 certis
1194 3022 1247 3093 di·

120 3132 227 3205 cendi
263 3124 669 3204 luminibus‘ornentur.
731 3132 894 3226 Itemque
929 3131 1009 3217 illa,
1046 3155 1136 3227 quae
1166 3138 1250 3204 sunt
1276 3150 1323 3197 rao

119 3241 268 3313 alterius
291 3240 450 3337 generis,
477 3265 567 3336 quae
588 3247 663 3313 tota
687 3240 731 3313 ab
755 3250 891 3313 oratore
912 3240 1117 3337 pariuntur,
1144 3265 1243 3314 exco-

1368 1473 1456 1522 s

119 3468 261 3517 abnuenda
281 3468 384 3517 censuit.
426 3469 472 3517 Rei
488 3471 660 3532 appellentur,
710 3475 796 3532 estque
809 3470 858 3518 hoe
869 3462 931 3517 adeo
943 3473 1141 3531 praeposterum:
1155 3468 1247 3517 rectius

120 3562 230 3608 quorum
243 3561 318 3594 eausa
331 3551 377 3596 est.
710 3549 785 3597 modo
799 3548 936 3595 consectari
950 3551 974 3595 et
988 3562 1036 3595 non
1048 3547 1130 3595 fidere
1142 3548 1207 3595 inter
1221 3562 1247 3596 se

156 3626 215 3675 117.
233 3627 261 3672 in
280 3624 324 3673 boc
340 3628 423 3674 autem
438 3627 537 3688 [etiam]
552 3628 661 3675 deicae·
710 3625 909 3688 opponebantur.
944 3628 1075 3674 Praeterea
1095 3625 1164 3675 istius
1186 3627 1247 3674 Inti-

120 3704 228 3752 ciendis.
251 3703 368 3765 Spurium
382 3707 520 3764 estetiam,
534 3719 662 3767 quumper
710 3704 781 3753 nitivi
797 3704 879 3751 videm
891 3704 990 3766 ingrata
1001 3704 1097 3752 iteratio
1111 3708 1157 3751 est.
1191 3706 1248 3752 Non

121 3799 162 3842 se,
185 3786 290 3846 propter
309 3781 505 3843 oppositionem,
527 3788 581 3831 tum
594 3784 662 3844 quod
710 3783 851 3847 spernenda
870 3782 944 3831 lectio
961 3781 1078 3840 mount,
1093 3783 1137 3831 sed
1151 3797 1180 3831 ea
1194 3796 1247 3831 sus·

119 3864 180 3911 illae
208 3861 404 3911 Coniunctiones
421 3861 456 3909 ita
481 3862 592 3923 copulari
611 3876 661 3909 nou
710 3866 783 3923 cepta
807 3861 877 3909 locus
898 3860 933 3908 sic
953 3860 1139 3911 constituendus
1160 3866 1211 3919 est,
1233 3876 1249 3909 a

120 3940 210 3989 solitae
224 3944 291 3988 sunt.
325 3940 417 3987 Natum
430 3944 468 3989 est
480 3954 494 3989 e
507 3940 600 4003 duplici
609 3942 661 3989 lee-
710 3941 799 4002 eapite,
807 3938 873 4001 quod
878 3940 986 3997 velimus,
992 3953 1124 3998 arcessere,
1130 3941 1250 3988 ucdeom·

120 4020 199 4067 tione,
711 4019 753 4067 nia
773 4020 884 4066 manant.
918 4018 1052 4079 Aliquanto
1071 4020 1248 4080 post‚5130,

155 4112 233 4159 quum
245 4123 280 4132 -
292 4098 438 4156 receerunt,
452 4069 662 4162 iinpuliepeneri·
710 4098 851 4157 operiamur
870 4096 952 4157 capita
973 4112 1017 4154 ea,
1038 4097 1103 4145 unde
1123 4098 1201 4146 omnic
1216 4124 1250 4135 -

121 4177 166 4223 bur
185 4203 229 4223 —.
249 4177 281 4223 In
294 4175 436 4224 huiusmodi
449 4176 618 4239 expositione,
631 4190 663 4223 ex
711 4175 848 4236 dimicatio
862 4174 972 4224 ducitur.
1007 4176 1086 4238 Supra
1100 4190 1211 4238 quoqne,
1227 4179 1249 4226 1.

121 4254 661 4317 Ciceroniseonsuetudine,postilludquum,
712 4258 725 4311 ξ
746 4255 792 4311 42,
814 4254 890 4315 eaput
908 4254 934 4299 et
946 4251 1010 4313 sorra
1022 4254 1048 4302 in
1062 4255 1149 4304 eadem
1162 4270 1189 4304 re
1203 4271 1249 4317 po·

120 4333 237 4393 requiro,
253 4335 306 4379 tum
318 4333 423 4393 napulie
434 4332 563 4395 peceribus
574 4359 616 4381 -.
712 4336 814 4380 nuntur.

154 4425 171 4457 a
184 4411 447 4469 eapite-arceram,
463 4411 497 4466 et,
511 4410 664 4460 undeomm'ri
747 4410 803 4457 120.
823 4410 902 4457 totum
922 4413 979 4458 arte
1000 4411 1114 4459 lineium.
1154 4414 1250 4460 Horum

120 4490 236 4545 manent,
261 4490 351 4538 videm.
386 4490 417 4537 In
430 4488 515 4550 primis
528 4489 663 4551 improprie
712 4502 794 4549 neque
819 4488 1047 4551 interpretationem
1067 4487 1172 4550 probare
1192 4504 1250 4551 pos·

120 4567 232 4616 tracesio
243 4567 394 4630 iunguntur,
409 4567 662 4625 arcessereetotdcre
713 4582 783 4625 sum,
808 4581 882 4628 quarn
904 4568 1042 4617 Ellendtius
1062 4568 1252 4618 commendabat
