3242 5500
401 583 513 632 mann
541 582 741 632 sncmvnns.
770 565 787 645 §
817 564 896 632 135.
1141 564 1210 635 177

101 755 230 826 bomine
265 755 310 827 ad
345 780 549 828 communes
580 780 695 827 rerum
726 764 761 827 et
786 779 955 850 generum
981 779 1133 826 summes
1157 781 1208 826 re-

101 865 279 937 volventur.
330 866 450 961 Atque
483 866 568 938 haec
603 865 749 937 forsitan
783 864 936 950 homini,
972 889 1042 936 non
1067 864 1209 950 emnia,
1237 883 1283 929 136

100 999 179 1069 quae
214 983 296 1047 sunt
330 976 368 1047 in
406 983 532 1046 natura
564 999 700 1059 rerum,
733 974 893 1046 celeriter
914 973 1032 1046 animo
1053 998 1207 1070 compre·

99 1082 275 1170 hendenti,
298 1085 474 1180 permulta
495 1085 698 1169 videantur,
725 1108 814 1180 quae
835 1083 975 1155 veniant
988 1084 1024 1155 in
1038 1084 1209 1158 iudicium

98 1200 184 1277 tum,
219 1218 330 1288 quum
366 1193 411 1265 de
439 1193 532 1265 facto
556 1201 759 1289 quaeratur:
795 1193 857 1264 sed
881 1201 999 1264 tamen
1022 1191 1209 1264 criminum

99 1302 278 1374 multitudo
302 1311 355 1374 cst
379 1311 415 1375 et
440 1302 705 1388 defensionum,
730 1326 801 1373 non
825 1302 998 1388 locorum,
1024 1302 1174 1375 infinita.

141 1412 236 1486 Quae
255 1435 356 1499 vere,
381 1437 492 1508 quum
519 1412 748 1484 defaetonen
761 1411 970 1507 ambigitur,
993 1421 1209 1507 quaeruntur
1235 1419 1280 1487 32

99 1519 205 1614 qualia
235 1522 325 1607 sint,
359 1546 416 1608 ea,
451 1524 480 1593 si
505 1546 549 1593 ex
572 1521 640 1593 reis
663 1545 847 1608 numeres,
879 1529 915 1593 ct
938 1520 1209 1593 innumerabilia
1235 1537 1281 1592 lar

99 1638 181 1716 sunt,
205 1639 239 1703 et
263 1630 429 1714 obscura;
456 1631 487 1703 si
511 1655 554 1703 ex
575 1629 699 1716 rebus,
723 1630 824 1702 valde
850 1638 884 1702 et
902 1631 1055 1716 modico,
1080 1631 1207 1703 etillu·

99 1741 183 1813 stria.
232 1741 327 1813 Nam
360 1741 390 1813 si
413 1740 572 1813 Mancini
595 1764 735 1812 causam
760 1741 797 1811 in
821 1763 892 1811 uno
914 1739 1081 1812 Mancino
1106 1741 1207 1836 peni·

98 1873 186 1935 mus,
210 1850 502 1946 quotiescumque
523 1852 573 1936 is,
599 1873 705 1945 quem
729 1857 830 1944 pater
841 1857 999 1944 patratus
1013 1849 1208 1936 dediderit,

97 1968 245 2055 receptus
279 1983 351 2031 non
383 1960 468 2046 erit,
500 1959 606 2032 toties
627 1983 732 2031 causa
753 1983 843 2030 nova
865 1967 1043 2031 nascetur:
1070 1959 1123 2031 sin
1150 1960 1209 2031 illa

97 2070 317 2141 controversia
351 2093 492 2141 causam
526 2068 626 2154 facit,
659 2067 865 2140 videaturne
896 2067 948 2153 ei,
982 2093 1087 2164 quem
1112 2078 1211 2164 pater

98 2186 243 2273 patratus
266 2178 463 2265 dediderit,
490 2179 520 2250 si
540 2177 571 2250 is
592 2202 662 2250 non
684 2178 729 2250 sit
748 2185 929 2273 receptus,
951 2178 1209 2272 postliminimn

97 2311 180 2374 esse3
205 2287 298 2361 nihil
319 2289 365 2360 ad
386 2295 497 2360 artem
522 2287 682 2372 dicendi,
706 2311 770 2359 nec
794 2287 840 2358 ad
862 2293 1069 2382 argumenta
1089 2286 1208 2360 defen·

97 2397 194 2468 sionis
226 2396 388 2470 Mancini
423 2421 552 2470 nomen
590 2397 751 2494 pertinet.
812 2395 885 2481 Ac,
924 2395 953 2468 si
989 2395 1076 2490 quid
1110 2396 1209 2468 affert
1237 2423 1282 2469 aas

95 2514 261 2599 praeterea
296 2506 450 2580 hominis
483 2515 544 2579 aut
579 2506 755 2601 dignitas,
786 2512 848 2577 aut
876 2505 1090 2600 indignitas,
1116 2514 1212 2577 extra

96 2617 328 2709 quaestionem
359 2624 430 2703 est;
463 2625 499 2688 ct
532 2641 573 2688 ea
602 2624 720 2688 tamen
752 2616 830 2712 ipsa
858 2614 967 2686 oratio
989 2615 1035 2687 ad
1056 2615 1210 2688 universi

95 2727 222 2819 generis
246 2725 522 2822 disputationem
546 2726 715 2799 referatur
738 2750 880 2799 neeesse
905 2731 969 2797 est.
1022 2721 1120 2797 Haec
1144 2750 1210 2821 ego

95 2857 157 2906 non
180 2861 219 2908 eo
239 2836 389 2909 consilio
409 2836 567 2934 disput0,
593 2836 805 2909 uthomines
818 2835 973 2907 eruditos
985 2834 1210 2929 redarguam

95 2968 300 3043 quamquam
320 2945 601 3043 reprehendendi
614 2954 718 3030 sunt,
744 2946 807 3041 qui
820 2946 856 3016 in
870 2968 998 3039 genere
1010 2943 1211 3017 definiendo

95 3054 170 3126 istas
201 3080 326 3128 causas
361 3054 566 3128 describunt
601 3055 639 3126 in
671 3054 830 3151 personis
864 3061 899 3125 et
931 3054 968 3125 in
992 3054 1210 3150 temporibus

95 3164 214 3256 positas
237 3189 332 3237 esse:
359 3189 462 3250 nam,
488 3165 554 3237 etsi
579 3164 764 3236 incurrunt
788 3167 946 3259 tempora
969 3171 1004 3236 et
1027 3188 1208 3260 personae,
1237 3194 1282 3241 rso

95 3279 200 3345 tamen
235 3274 510 3370 intelligendum
546 3280 598 3346 est
631 3298 701 3345 non
736 3298 779 3345 ex
814 3273 878 3359 iis,
909 3273 971 3345 sed
1003 3298 1045 3346 ex
1082 3298 1210 3369 genere

94 3598 622 3663 nnesbcoprofectaquinonintelligeret,
672 3599 1207 3661 remcausoatqoenararaomntaaraeae.

94 3674 143 3737 ipsis
155 3678 210 3736 illis,
225 3680 293 3741 qaod
298 3680 464 3739 sumptuosas,
479 3684 536 3738 cet,
545 3692 623 3742 genus
705 3679 837 3726 criminum
850 3678 983 3725 multitado
997 3680 1035 3725 est
1047 3681 1073 3726 et
1084 3680 1207 3739 defensio-

94 3759 116 3801 et
126 3761 233 3804 naturam
247 3758 391 3805 universam
405 3757 517 3805 indicari.
673 3771 743 3814 aum,
758 3756 1090 3819 aonlocoram‚iaflnila—.
1108 3759 1208 3807 Itarec·

123 3835 175 3882 136.
190 3837 288 3892 omnia,
318 3849 380 3896 quae
405 3835 465 3882 caat
485 3836 512 3883 in
531 3837 624 3882 aeterra
670 3834 763 3884 tissime
789 3834 929 3883 restitutum
954 3849 968 3883 a
988 3834 1116 3884 Pideritio:
1138 3840 1208 3901 vulg.

94 3924 176 3961 reram.
209 3913 370 3963 Alienissima
383 3911 415 3961 ab
428 3912 623 3975 huiusdisputa·
671 3926 719 3959 noa
732 3913 904 3973 defensionum
917 3914 962 3961 aut
976 3917 1091 3961 locorum.

93 3990 157 4038 tionis
181 3996 331 4055 argumento
359 3996 397 4039 est
416 3995 508 4039 natare
528 4005 622 4038 reram.
707 3993 763 4040 138.
781 3992 856 4039 extra
870 3993 1034 4052 qaaestionem
1048 3994 1094 4040 est.
1116 3995 1147 4042 ln
1162 3995 1209 4043 hac

94 4068 207 4131 Suspicor,
221 4070 401 4133 corrigendum
414 4084 476 4128 esse,
491 4071 519 4117 ia
532 4073 624 4118 natare
671 4070 772 4131 apodesi
785 4070 922 4131 requiram,
937 4071 965 4118 id
976 4073 1051 4118 extra
1065 4087 1088 4133 q.
1103 4088 1138 4130 a,
1153 4072 1169 4120 i.
1184 4088 1207 4121 e.

93 4162 208 4208 amomon
222 4148 622 4211 etfortassemodosupra,§l35‚
670 4163 703 4197 ne
722 4148 803 4211 ipsum
824 4148 924 4209 quidem
946 4150 1054 4210 partinet
1072 4150 1105 4197 ad
1121 4151 1207 4199 defen-

93 4224 123 4271 ad
138 4240 272 4276 commones
291 4241 378 4275 mam
391 4228 417 4273 et
427 4242 544 4290 cesseram
556 4241 622 4274 aum·
671 4227 745 4275 sionis
759 4232 913 4289 argumenta.

93 4318 150 4363 mor,
161 4306 223 4354 illud
237 4320 325 4354 reram
340 4320 354 4353 e
368 4306 622 4368 dittographiaortum
705 4307 732 4352 ia
746 4319 836 4367 genere
849 4302 992 4367 definiendo.
1026 4306 1083 4354 Vid.
1100 4311 1111 4365 ξ
1128 4308 1183 4355 133,

94 4388 133 4430 est.
151 4384 245 4432 Genera
263 4390 332 4432 certe
347 4384 475 4445 aliquoties
489 4384 523 4431 ita
536 4386 621 4446 appel·
707 4386 762 4433 139.
781 4385 847 4445 quod
868 4385 894 4432 ia
915 4387 985 4432 tanto
1004 4385 1054 4433 otio
1066 4412 1101 4420 —
1113 4386 1208 4446 efficere

93 4460 176 4510 lentur:
194 4476 347 4524 quamquam
360 4477 406 4523 pro
420 4463 458 4511 his
472 4477 513 4509 res
525 4477 623 4524 quoque
666 4464 813 4523 potuerant.
847 4462 939 4511 Vitium
961 4467 998 4511 est
1017 4462 1042 4510 in
1061 4463 1108 4510 hoc
1116 4466 1206 4523 potae·

93 4539 211 4599 dautur,
233 4548 261 4590 nt
282 4546 296 4599 §
319 4540 381 4598 137,
402 4542 424 4588 ei
445 4544 583 4598 careotas,
597 4547 623 4590 et
671 4543 746 4597 runt,
762 4540 878 4602 quoniam
892 4540 966 4587 modo
980 4540 1103 4587 antecedit
1111 4554 1152 4589 eos
1160 4556 1208 4591 aon

94 4618 163 4676 5139,
175 4633 377 4681 amararum
391 4624 436 4678 ott
446 4621 502 4677 145,
517 4621 620 4683 ingene·
671 4632 722 4665 esse
729 4620 876 4667 consecutos.
886 4618 1075 4680 corrigendum,
1079 4621 1206 4680 poterant.

162 4691 192 4765 ἢ
1033 4708 1063 4752 ra
