3242 5500
421 580 533 629 111111
559 580 761 631 sncounns.
790 564 807 644 §
833 562 891 631 68.
1150 556 1218 627 147

109 752 217 823 denter
250 749 361 843 possit
396 751 572 838 intexere;
605 752 699 825 hisce
730 760 849 825 autem
874 753 960 848 ipsis
986 750 1157 823 derebus
1181 758 1220 823 ut

108 863 148 932 ita
177 860 354 953 loquatur,
390 868 430 933 111
463 861 508 947 ii,
544 863 606 957 qui
627 862 723 947 iura,
750 863 812 958 qui
836 863 951 958 leges,
979 861 1041 957 qui
1065 862 1220 933 civitates

107 969 372 1055 constituerunt,
411 969 519 1043 locuti
562 979 665 1058 sunt,
705 973 909 1068 simpliciter
945 981 980 1044 et
1017 970 1246 1068 splendide,-

107 1081 172 1150 sine
201 1078 273 1151 ulla
306 1078 393 1150 serie
417 1079 717 1175 disputationum,
744 1091 779 1155 et
805 1083 881 1155 sine
904 1082 1022 1154 ieiuna
1045 1089 1220 1154 concerta·

105 1189 190 1261 tione
223 1186 418 1262 verborum.
482 1188 561 1275 Hoc
599 1191 673 1263 loco
707 1216 752 1263 ne
786 1216 857 1287 qua
888 1192 936 1281 sit
958 1192 1163 1277 admiratio,
1191 1191 1221 1263 si
1246 1204 1276 1248 ⁶⁹

105 1306 151 1369 tot
171 1306 414 1393 tantarumque
438 1323 555 1371 rerum
581 1300 678 1373 nulla
702 1326 723 1373 a
748 1325 803 1373 me
826 1308 1008 1397 praecepta
1025 1308 1217 1395 ponentur,

104 1408 146 1480 sic
180 1417 294 1481 statuo
306 1440 315 1495 ;
353 1416 392 1481 ut
428 1408 466 1481 in
499 1410 620 1482 ceteris
653 1410 808 1497 artibus,
842 1435 954 1506 quum
982 1409 1111 1481 tradita
1135 1418 1219 1482 sunt

103 1518 260 1614 cuiusque
285 1519 369 1590 artis
394 1518 620 1605 difficillima,
655 1520 809 1615 reliqua,
845 1521 928 1616 quia
951 1529 1012 1592 aut
1043 1519 1217 1605 faciliora,

102 1636 156 1698 aut
179 1628 305 1699 similia
329 1636 432 1713 sunt,
458 1628 550 1701 tradi
574 1653 645 1701 non
671 1653 814 1701 necesse
839 1655 930 1714 esse3
955 1638 994 1701 ut
1012 1630 1048 1700 in
1061 1630 1217 1725 pictura,

101 1738 156 1833 qui
188 1736 339 1809 hominis
373 1738 524 1833 speciem
556 1739 702 1833 pingere
736 1739 980 1834 perdidicerit,
1011 1763 1113 1834 posse
1137 1762 1218 1809 eum

101 1848 242 1919 cuiusvis
268 1847 324 1919 vel
347 1847 497 1933 formae,
523 1848 578 1919 vel
602 1849 727 1921 aetatis
739 1854 756 1934 ,⁴
780 1848 886 1920 etiam
910 1848 940 1920 si
953 1872 1024 1919 non
1037 1848 1219 1933 didicerit,

103 1957 253 2053 pingere,
281 1980 398 2053 neque
422 1981 496 2029 esse
521 1958 738 2053 periculum,
764 1958 827 2053 qui
848 1958 985 2028 leonem
1004 1964 1065 2028 aut
1078 1964 1218 2029 taurum

102 2067 212 2161 pingat
236 2068 397 2163 egregie,
429 2092 474 2139 ne
497 2068 592 2139 idem
617 2068 654 2139 in
679 2068 801 2139 multis
826 2067 904 2138 aliis
929 2066 1219 2162 quadrupedibus

101 2174 200 2246 lacere
241 2200 312 2247 non
351 2178 478 2273 possit;
520 2182 650 2275 (neque
685 2185 738 2249 est
775 2176 920 2249 omnino
956 2200 1012 2247 ars
1049 2176 1141 2262 ulla,
1180 2177 1218 2247 in

101 2307 162 2378 qna
195 2287 332 2372 omnia,
369 2312 459 2382 quae
492 2287 553 2359 illa
586 2294 660 2359 arte
698 2286 786 2359 effici
824 2286 979 2382 possint,
1023 2310 1043 2356 a
1077 2285 1219 2357 doctore

99 2394 288 2481 tradentur,
317 2396 380 2467 sed
403 2396 465 2491 qui
489 2397 682 2493 primarum
708 2404 742 2467 et
767 2404 941 2467 certarum
962 2419 1078 2466 rerum
1090 2418 1219 2490 genera

100 2502 170 2598 ipsa
188 2504 411 2589 didicerunt,
437 2505 571 2601 reliqua
596 2529 667 2577 non
688 2504 910 2577 incommode
922 2508 1216 2601 persequuntur):

101 2612 250 2685 similiter
273 2612 441 2700 arbitror,
467 2614 503 2686 in
529 2614 593 2687 hac
618 2615 689 2687 sive
709 2614 856 2699 ratione,
883 2614 956 2685 sive
974 2615 1218 2687 exercitatione
1242 2631 1274 2682 to

99 2720 245 2810 dicendi,
271 2723 336 2820 qui
368 2724 464 2796 illam
489 2724 561 2798 vim
585 2724 734 2821 adeptus
761 2724 825 2810 sit,
852 2730 1037 2796 uteorum
1061 2732 1217 2811 menter,

99 2832 154 2926 qui
176 2841 235 2904 aut
260 2832 306 2905 de
331 2858 367 2905 re
391 2833 554 2930 publica,
580 2843 642 2908 aut
667 2835 710 2906 de
736 2833 848 2930 ipsius
871 2832 998 2919 rebus,
1024 2834 1217 2920 autaeiis,

98 2950 207 3014 contra
243 2967 355 3038 quos,
393 2951 454 3016 aut
491 2968 554 3039 pro
591 2943 721 3038 quibus
756 2943 868 3028 dicat,
900 2967 982 3013 curn
1006 2943 1124 3038 aliqua
1148 2951 1216 3015 sta·

98 3051 212 3124 tuendi
245 3060 422 3148 potestate
454 3053 619 3138 audiant,
657 3053 703 3124 ad
737 3077 842 3126 suum
872 3051 1058 3124 arbitrium
1081 3075 1219 3123 movere

98 3162 217 3253 possit,
252 3161 350 3234 hunc
377 3161 420 3234 de
443 3169 517 3234 toto
541 3162 603 3234 illo
629 3187 757 3258 genere
783 3162 998 3257 reliquarum
1021 3161 1218 3234 orationum

97 3291 159 3340 non
183 3272 263 3368 plus
283 3272 527 3366 quaesiturum
552 3296 644 3358 esse,
672 3271 758 3369 quid
783 3271 895 3356 dieat,
921 3295 1029 3366 quam
1058 3270 1216 3366 Polycle-

96 3384 163 3450 tum
197 3381 325 3466 illum,
363 3406 475 3477 quum
504 3380 696 3456 Herculem
720 3379 897 3477 fingebat,
920 3380 1219 3475 quemadmodum

96 3488 213 3582 pellem
248 3498 312 3562 aut
346 3489 495 3585 hydram
532 3492 701 3587 fingeret,
730 3491 835 3563 etiam
862 3489 892 3561 si
913 3489 999 3560 haec
1023 3513 1218 3585 numquam

96 3601 273 3692 separatim
303 3594 448 3696 [facere]
478 3600 667 3673 didicisset.

137 3707 225 3782 ’111111
256 3709 428 3796 Catulus,
462 3709 640 3782 Praeclare
673 3707 760 3781 mihi
793 3707 945 3793 videris,
972 3706 1127 3794 Antoni,
1153 3731 1214 3803 po·
1244 3713 1288 3784 17

93 3901 151 3945 sunt.
169 3899 242 3948 Cous.
258 3912 351 3960 supra,
366 3899 387 3946 Ι.
403 3901 416 3954 ξ
432 3899 494 3954 219,
509 3903 534 3946 et
547 3897 627 3955 infra,
677 3897 740 3943 euim
761 3896 798 3942 111
819 3909 897 3952 ama,
919 3909 993 3955 quam
1012 3894 1218 3944 coniunctionem

93 3978 104 4030 1
119 3976 174 4033 131,
189 3979 279 4025 11111.
296 3981 309 4034 ξ
326 3975 364 4025 76.
677 3973 822 4023 anctoritate
834 3988 947 4021 meorum
961 3972 1081 4021 librorum
1095 3974 1174 4021 omisi.

121 4053 187 4102 atii.
221 4055 352 4102 Revocavi
365 4053 627 4118 hoc(utsupra),pro
705 4053 901 4114 peraequantur.
933 4053 1007 4110 Quod
1021 4051 1216 4100 Pideritinssub-

92 4132 153 4193 vulg.
167 4133 205 4180 ati
222 4135 254 4180 11.
676 4131 743 4180 stitui
762 4131 832 4187 vult,
852 4144 902 4190 per
921 4143 948 4176 11
964 4131 1144 4191 assequuntur,
1160 4131 1217 4178 idco

119 4211 233 4258 1111111111
246 4211 317 4258 11111
329 4211 531 4270 disputationum.
554 4211 625 4258 Tam·
675 4206 868 4269 improbandum
889 4212 942 4265 est,
969 4209 1026 4268 quia
1038 4208 1064 4256 in
1078 4209 1127 4255 hoc
1141 4223 1215 4270 argu-

89 4300 156 4346 quam
170 4289 230 4338 siin
244 4303 397 4350 unaquaque
410 4304 438 4336 11
451 4290 626 4349 plurespostu·
675 4291 759 4334 mento
779 4285 842 4334 nihil
865 4285 968 4348 cogitari
986 4290 1068 4347 potest
1081 4287 1148 4347 quod
1161 4286 1215 4343 isti,

88 4364 192 4416 1111111111
205 4367 404 4430 disputationes!
433 4366 626 4428 corrigendum,
675 4364 1217 4425 1111111111,111111111111111111111111111111.

88 4439 272 4503 disputationis.
307 4444 388 4493 Series
401 4445 577 4505 diputationem
591 4449 627 4494 est
711 4441 750 4491 70.
775 4443 910 4502 separatim
939 4443 1056 4504 [facere]
1080 4441 1215 4488 didicisset.

87 4519 134 4570 eius
146 4523 259 4586 legitima
273 4523 357 4572 forma
370 4515 506 4571 secundum
522 4528 608 4572 artem.
677 4523 856 4582 Interpolatum
865 4526 901 4569 est
903 4521 1010 4581 faeere·
1025 4520 1216 4582 intelligendum

117 4601 156 4647 69.
174 4617 254 4664 aeque
272 4603 313 4650 est
331 4603 434 4650 omniuo.
460 4602 535 4662 Vulg.
551 4615 627 4661 neque
677 4601 827 4662 estflapere.
