3242 5500
686 575 727 615 ὴ·-
1212 559 1255 603 XV

134 723 195 792 tur,
216 735 252 776 ea
270 736 409 794 erumpere
425 717 483 778 dici
501 725 643 797 possunt,
664 725 698 780 ut
715 719 793 799 apud
811 717 1006 796 Ciceronem,
1026 719 1097 799 Syll.
1115 719 1199 802 576,
1221 720 1258 779 de

135 821 360 898 coniuratione,
388 841 422 882 ec
454 825 560 900 mappis
582 857 623 868 -
650 825 693 884 rei
714 825 845 900 publicae
871 825 971 883 morde
996 825 1056 885 istc
1081 831 1193 901 repente
1216 825 1259 884 oia

133 927 238 1002 oepit.
261 925 348 997 Quod
364 925 497 986 Velleius
513 927 585 987 vitio
601 928 701 1007 posuit
711 928 852 1003 verbum,
871 947 926 1006 pro
935 946 971 988 eo
978 931 1090 988 evolare
1099 929 1261 989 dicendum

134 1032 244 1106 brerat,
260 1037 295 1090 ut
312 1030 391 1110 apud
407 1030 597 1108 Ciceronem,
614 1030 696 1094 Orat.
716 1033 752 1092 Π.
773 1031 789 1114 5
807 1031 866 1092 317
875 1078 883 1107 ,
904 1033 978 1092 nibil
991 1040 1035 1093 cat
1050 1034 1081 1093 in
1097 1041 1202 1094 odoro
1216 1053 1262 1092 rc·

132 1155 194 1194 rom
217 1137 333 1194 omnium
346 1138 419 1210 qood
433 1157 463 1194 se
478 1137 633 1196 univercum
644 1138 818 1212 profundat,
835 1143 864 1194 ct
879 1137 953 1212 quod
967 1143 1054 1196 totum
1068 1146 1183 1213 reponte
1198 1158 1262 1198 eoo·

133 1242 183 1300 let.
205 1239 322 1299 Rursus
349 1239 474 1300 ridicula
492 1242 567 1301 haec
592 1247 638 1300 est
660 1240 802 1320 loquendi
830 1242 940 1317 forma,
960 1243 1095 1303 delectori
1110 1250 1176 1302 onte
1191 1263 1258 1319 eum,

136 1342 217 1422 quod
234 1342 310 1402 nihil
326 1343 407 1404 aliud
426 1350 488 1421 est,
506 1345 563 1404 nisi
583 1346 717 1404 delectori
733 1352 879 1420 antequam
897 1346 992 1405 Cicero
1001 1347 1164 1406 delectatur.
1202 1346 1261 1406 Ubi

134 1447 336 1508 Ruhnkenius
354 1448 498 1527 explicat,
516 1448 554 1510 ad
580 1449 617 1508 H.
642 1449 690 1510 34.
719 1450 755 1524 3,
786 1449 962 1509 Ciceronem
985 1449 1117 1511 denoto
1136 1449 1260 1510 homine

134 1552 235 1612 dicere
261 1571 332 1612 eum
357 1572 392 1611 eo
409 1573 438 1612 se
453 1560 556 1628 mium,
577 1553 652 1612 nihil
670 1553 841 1614 defenditur
859 1554 1048 1615 Velleianum
1064 1555 1122 1615 hoc
1146 1555 1184 1614 de
1211 1553 1260 1614 Ci-
1312 1588 1316 1592 ,

133 1673 244 1715 ocrone
267 1657 347 1734 ipso,
369 1657 418 1732 qui
438 1658 529 1716 omnio
547 1657 714 1717 incremento
732 1677 783 1716 aaa
800 1658 855 1717 ribi
870 1659 981 1731 detuit,
1002 1658 1109 1719 inscito
1125 1657 1261 1719 vocabuli

133 1759 291 1836 abusu,ut
310 1761 467 1839 quosquis
485 1761 626 1841 deinceps
644 1762 826 1841 adipiscatur
833 1763 964 1822 honores
977 1764 1146 1822 incremento
1159 1763 1260 1822 dican-

133 1869 202 1924 tur:
232 1864 371 1943 quodque
390 1864 457 1925 istis
482 1865 638 1942 adiicitur,
664 1867 709 1926 oo
725 1868 862 1926 novitatis
877 1868 1064 1927 mbiladmoe
1093 1867 1192 1947 (cuius
1221 1867 1261 1926 si·

134 1968 208 2028 mile
243 1973 289 2028 est
317 1969 452 2028 sorditas
476 1971 647 2042 laetissimo,
675 1969 712 2030 II.
729 1968 798 2030 127.
816 1969 860 2050 ll),
884 1976 919 2030 ut
935 1970 1166 2031 innumerabilia
1184 1970 1259 2046 alia,

135 2072 201 2131 sine
224 2072 484 2133 animadversione
511 2079 705 2152 praetereunt
731 2073 896 2135 doctissimi
921 2074 1066 2150 editores,
1095 2074 1153 2135 nisi
1181 2074 1262 2152 quod

135 2176 290 2236 Acidalius
306 2183 409 2236 monet
428 2178 503 2237 »hac
521 2178 618 2238 forma
635 2179 782 2238 sermonis
791 2178 907 2238 nullam
918 2196 984 2238 esse
993 2178 1084 2238 aliam
1092 2178 1208 2238 Velleio
1216 2179 1260 2238 fa-

134 2280 359 2340 miliariorem.'’
402 2279 462 2340 Sed
492 2289 681 2360 repugnante
699 2284 799 2344 nativa
816 2283 916 2343 Latini
936 2283 1086 2343 sermonis
1101 2283 1200 2343 indole
1217 2283 1262 2341 di-

135 2386 215 2446 citur
237 2387 283 2445 vir
307 2386 482 2461 nobilitatis,
512 2386 608 2464 qualis
635 2386 792 2447 Genitivus
817 2406 923 2448 eorum
946 2393 1067 2447 tantum
1083 2391 1262 2465 usurpatur,

136 2507 216 2567 quae
233 2489 300 2567 quis
310 2489 357 2549 vel
373 2496 481 2550 natura
492 2491 606 2566 atterat,
624 2490 671 2550 vel
682 2491 780 2551 studio
790 2497 1001 2570 consequatur,
1019 2497 1054 2551 ut
1062 2491 1088 2550 si
1099 2491 1208 2550 dicitur
1217 2491 1263 2549 oir

132 2596 295 2654 excellentis
318 2595 436 2670 ipati,
464 2600 517 2655 aut
540 2597 864 2656 nortmannicarum:
886 2595 1015 2655 alterum
1035 2600 1193 2674 peccatum
1217 2599 1263 2652 est

135 2699 219 2777 quod
235 2697 426 2760 Adiectivum
441 2699 561 2760 additur
580 2701 716 2760 novitatis
737 2698 898 2775 vocabulo,
919 2698 1068 2777 siquidem
1082 2717 1122 2760 nc
1139 2697 1264 2777 cogitari

134 2803 260 2881 quidem
275 2810 400 2883 possunt
417 2804 469 2865 ulli
489 2804 600 2883 gradus
619 2804 774 2880 novitatiS,
797 2822 875 2882 quae
893 2810 1037 2883 perpetuo
1058 2803 1193 2864 absolute
1211 2821 1263 2882 ap·

133 2907 275 2985 pellatur:
287 2906 537 2968 absurdissimum
547 2926 635 2987 porro
650 2914 696 2967 est
712 2910 862 2968 novitatem
876 2908 1073 2968 nobilissimam
1089 2908 1161 2984 dici,
1179 2907 1263 2967 cuius

134 3012 258 3088 generis
284 3017 364 3071 esset
384 3012 431 3071 vel
456 3013 590 3072 nobilitor
614 3014 780 3085 novissimo,
805 3012 853 3071 vel
870 3014 994 3072 brevitor
1016 3012 1194 3089 lonpissimo,
1215 3010 1263 3071 vel

132 3116 300 3191 ipoorootio
318 3117 492 3177 doctissimo.

177 3218 239 3279 Sed
262 3220 387 3279 modum
411 3220 571 3280 faciamus:
603 3239 641 3279 ne
667 3238 762 3299 pauca
790 3219 913 3298 quidem
931 3220 981 3280 illa
999 3220 1031 3279 in
1045 3219 1159 3279 Velleio
1177 3225 1263 3279 uota-

42 3310 46 3317 ’
135 3342 172 3382 re
196 3324 229 3383 in
255 3324 390 3385 animum
416 3325 619 3400 induxissem,
649 3324 707 3383 nisi
726 3323 868 3384 vidissem
886 3324 1062 3385 Ruhnkenii
1077 3324 1264 3403 superstitio·

137 3446 211 3487 nem
237 3446 297 3487 non
322 3428 485 3489 Krausium
505 3435 643 3505 tantum,
673 3429 724 3507 qui
741 3435 877 3489 extremo
893 3448 973 3489 anno
991 3429 1153 3507 superioris
1171 3428 1265 3489 seculi

138 3531 290 3592 Velleium
317 3533 428 3609 edidit,
458 3534 511 3593 scd
529 3539 632 3593 nostra
652 3533 743 3593 etiarn
760 3539 860 3593 aetate
878 3533 1132 3593 communicatam
1151 3532 1264 3592 habere

138 3636 411 3716 prudentissirmun
429 3637 668 3713 Bernhardium‚
690 3636 755 3715 qui,
771 3636 821 3697 lib.
840 3638 889 3697 cit.
899 3657 927 3717 p.
938 3636 1012 3714 615,
1028 3636 1071 3697 sic
1078 3636 1265 3716 pronuntiat,

140 3759 334 3801 »sermonem
363 3740 485 3817 Velleii,
515 3742 648 3821 exceptis
674 3741 781 3801 fucatis
802 3740 992 3819 nimiumque
1008 3740 1153 3819 quaesitis
1167 3740 1267 3801 verbis

140 3851 193 3905 net
211 3846 386 3922 structuris,
407 3864 516 3925 purum
538 3852 570 3906 ct
583 3846 734 3906 sincerum
754 3846 847 3905 essc.’'
868 3845 1032 3924 ltaquevix
1045 3845 1212 3923 ingressis,
1228 3862 1268 3903 ne

140 3948 251 4010 abutar
266 3950 324 4009 hac
340 3950 495 4029 praefandi
512 3950 747 4030 opportunitate,
768 3948 997 4029 relinquendam
1013 3948 1100 4009 video
1115 3948 1268 4028 explicati-

141 4072 234 4113 onem
259 4054 324 4113 eius
349 4054 530 4133 sentcntiae,
549 4074 640 4133 quam
658 4054 743 4114 initio
763 4073 942 4133 posueram,
954 4060 1023 4133 post
1038 4052 1215 4113 Ciceronem
1233 4052 1269 4112 il·

140 4158 232 4237 laque
243 4166 380 4238 tempora
394 4160 549 4239 paullatim
566 4158 716 4238 exstingui
733 4163 873 4238 coeptum
889 4177 956 4218 esse
965 4158 1069 4217 lumen
1079 4158 1152 4218 illud
1161 4158 1271 4217 oratio-

142 4263 191 4322 nis
208 4263 334 4324 Latinae
351 4271 450 4325 castae
466 4270 497 4324 et
515 4264 678 4343 elegantis,
700 4262 793 4343 ipsius
802 4262 925 4343 linguae
936 4262 1101 4342 prudenter
1110 4261 1271 4342 exploratis

143 4373 175 4427 ct
198 4368 316 4428 ratione
343 4368 532 4448 amplificatis
557 4368 649 4447 copiis
675 4367 773 4429 nixae.
815 4368 908 4429 Cuius
933 4368 1085 4447 perfectae
1104 4365 1272 4445 elegantiae

145 4471 332 4548 observatio,
359 4491 543 4554 quamquam
560 4472 592 4533 in
610 4491 646 4533 eo
663 4491 819 4550 sermone,
837 4473 923 4535 cuius
940 4477 1063 4546 etusus,
1083 4475 1114 4531 et
1121 4488 1213 4531 sonus
1221 4470 1273 4531 diu
