3242 5500
322 541 392 611 316
663 558 776 607 arnna
803 556 973 607 rnnrrus.
1001 540 1020 621 §
1045 540 1103 608 96.

249 737 294 805 25
370 728 525 805 Ornatur
545 732 654 826 igitur
675 730 786 802 oratio
807 754 936 825 genere
958 730 1134 826 primum,
1161 739 1197 803 et
1213 730 1316 826 quasi
1332 731 1454 802 colore

263 864 296 937 [oe
322 841 495 937 quodam,
532 850 567 912 et
592 864 705 912 succo
742 864 816 911 suo.
869 839 983 925 Num,
1016 848 1057 911 ut
1081 840 1218 935 gravis,
1245 847 1286 912 ut
1309 841 1453 925 suaviS,

320 960 362 1024 ut
398 950 535 1022 erudite
571 949 637 1035 sit,
663 957 702 1020 ut
725 947 901 1035 liberalia,
927 957 966 1020 ut
988 948 1225 1035 admirabilis,
1251 960 1291 1020 ut
1314 949 1452 1044 polita,

321 1069 363 1132 ut
397 1083 541 1146 sensus,
579 1066 620 1131 ut
656 1057 785 1129 doloris
817 1056 945 1129 hebeat
969 1066 1142 1154 quantum
1165 1082 1255 1153 opus
1280 1058 1347 1144 sit,
1375 1083 1452 1130 non

321 1177 375 1241 est
411 1169 631 1263 singulorum
666 1166 907 1253 articulorum3
945 1166 982 1238 in
1016 1175 1092 1239 toto
1127 1175 1332 1263 spectantur
1361 1167 1454 1239 haec

321 1302 481 1375 corporet
510 1284 550 1349 ut
575 1300 677 1372 porro
697 1298 883 1371 conspersa
905 1276 951 1348 sit
976 1276 1077 1372 quasi
1103 1276 1288 1349 verborum
1306 1285 1454 1349 senten·

321 1390 522 1483 tiarumque
549 1385 714 1472 floribus,
741 1385 778 1456 id
808 1408 880 1456 non
904 1384 1009 1458 debet
1034 1411 1109 1463 esse
1133 1387 1253 1459 fusum
1277 1386 1453 1483 aequabi-

320 1499 401 1570 liter
423 1520 484 1593 per
506 1520 647 1567 omnem
669 1496 879 1581 orationem,
905 1495 968 1567 sed
988 1496 1038 1567 ita
1063 1495 1288 1583 distinctum,
1314 1506 1354 1568 ut
1374 1497 1455 1568 sint

321 1606 422 1703 quasi
455 1606 492 1676 in
525 1612 650 1677 ornatu
674 1604 845 1699 disposita
869 1603 1040 1701 quaedem
1064 1606 1219 1701 insignia
1240 1614 1275 1677 et
1297 1606 1451 1678 lumina.

266 1744 297 1794 or
371 1716 493 1787 Genus
528 1714 638 1810 igitur
672 1712 814 1785 dicendi
839 1721 891 1785 est
915 1714 1139 1809 eligendum,
1175 1715 1272 1810 quod
1292 1715 1454 1787 maxime

321 1832 438 1898 teneat
472 1848 550 1909 eos,
586 1823 648 1918 qui
677 1822 844 1908 audiant,
871 1830 904 1895 et
929 1823 1023 1919 quod
1045 1847 1116 1895 non
1141 1824 1256 1896 solum
1276 1824 1451 1909 delectet,

323 1934 385 2007 sed
419 1933 525 2005 etiam
558 1931 633 2003 sine
663 1932 824 2003 satietate
849 1930 1007 2005 delectet.
1044 1934 1126 2004 Non
1147 1934 1241 2006 enim
1264 1958 1358 2005 eme
1375 1934 1451 2005 ium

323 2041 516 2139 exspectari
544 2049 649 2136 put0,
676 2048 716 2113 ut
744 2064 927 2127 moneam,
957 2036 1014 2137 [ut
1037 2042 1186 2115 caveatis
1197 2038 1225 2137 ‚l
1252 2067 1297 2114 ne
1322 2042 1449 2128 exilia,

322 2177 368 2225 ne
401 2150 535 2223 inculta
568 2150 613 2227 sit
640 2159 752 2221 vestra
771 2149 902 2235 oratio,
929 2174 974 2222 ne
997 2151 1172 2246 vulgaris,
1197 2175 1243 2223 ne
1267 2151 1449 2224 obsoleta:

323 2262 421 2335 aliud
457 2259 627 2355 quiddam
663 2258 776 2331 maius
799 2266 834 2331 et
856 2259 1000 2354 ingenia
1025 2284 1082 2331 me
1106 2259 1291 2332 hortantur
1312 2269 1448 2346 vestra,

268 2399 299 2445 os
324 2380 359 2443 et
394 2378 535 2442 aetates,
586 2368 738 2441 Difficile
772 2367 868 2440 enim
900 2368 999 2440 dictu
1032 2376 1106 2455 est,
1144 2394 1319 2465 quaenam
1342 2395 1452 2442 cansa

324 2481 390 2566 sit,
415 2504 478 2552 cur
499 2503 560 2564 ea,
584 2502 674 2573 quae
696 2476 848 2549 maxime
870 2501 993 2549 sensus
1015 2486 1153 2549 nostros
1176 2478 1366 2574 impellunt
1390 2503 1452 2550 vo·

323 2591 479 2686 luptate‚
516 2596 551 2660 et
583 2586 698 2682 specie
730 2587 844 2681 prima
875 2586 1040 2658 acerrime
1068 2595 1309 2673 commovent,
1336 2587 1450 2659 abiis

324 2697 502 2772 celerrime
547 2696 689 2770 fastidio
736 2695 888 2792 quodem
935 2703 970 2769 et
1002 2696 1158 2769 sotietate
1191 2695 1446 2770 abalienemur.

325 2812 469 2887 Quanto
514 2808 669 2881 colorum
703 2805 966 2902 pulchritudine
1002 2813 1037 2879 et
1070 2807 1237 2879 varietate
1269 2807 1450 2879 floridiora

325 2927 407 2993 sunt
439 2920 477 2992 in
509 2915 657 3013 picturis
689 2915 787 2986 novis
821 2914 1008 3010 pleraque,
1045 2940 1152 3010 quam
1183 2915 1220 2987 in
1245 2916 1446 2988 veteribus!

324 3053 414 3125 quae
435 3035 573 3111 tamen,
600 3025 706 3097 etiem
731 3023 761 3095 si
783 3025 897 3120 primo
918 3033 1062 3120 aspectu
1082 3049 1146 3096 nos
1163 3033 1344 3126 ceperunt,
1366 3027 1447 3098 diu·

321 3139 393 3210 tius
414 3161 486 3208 non
511 3134 704 3219 delectant,
729 3158 840 3229 quum
864 3133 974 3205 iidem
998 3157 1063 3206 nos
1084 3133 1122 3205 in
1139 3135 1297 3230 antiquis
1314 3135 1448 3208 tabulis

322 3248 384 3320 illo
417 3247 493 3342 ipso
527 3242 668 3315 horrido
695 3242 923 3338 obsoletoque
944 3251 1137 3316 teneamur.
1191 3245 1335 3320 Quanto
1357 3244 1446 3316 mol-

324 3358 426 3430 liores
459 3362 542 3426 sunt
572 3361 607 3426 et
632 3352 850 3425 delicatiores
873 3353 910 3423 in
933 3359 1040 3425 cantu
1063 3353 1253 3440 flexiones,
1280 3362 1316 3426 et
1338 3353 1447 3426 falsae

356 3721 398 3770 96.
421 3719 451 3768 ut
476 3731 573 3775 seme,
601 3716 631 3764 ut
656 3716 749 3764 aroris
771 3716 859 3764 tabeat
905 3721 1000 3766 tantur.

323 3799 515 3862 quoniumopua
526 3797 569 3844 uit.
594 3795 676 3860 Quum
690 3793 724 3843 ita
737 3794 859 3843 correxis-
940 3794 981 3841 98.
1005 3806 1053 3840 car
1078 3807 1119 3850 ea,
1147 3807 1209 3854 quae
1233 3793 1341 3842 maxime
1360 3807 1447 3843 reum

322 3891 390 3934 sem,
418 3876 521 3933 deoru,
542 3888 593 3936 pro
607 3875 678 3936 vulg.
698 3873 805 3931 dolores,
829 3877 859 3921 ut
906 3871 1003 3919 mou
1018 3870 1147 3932 erpeium
1159 3872 1293 3934 multare.
1327 3875 1383 3922 Non
1398 3874 1445 3922 du·

322 3955 449 4015 utriusque
480 3952 591 4001 Nominis
623 3950 751 4000 Genitivus
778 3956 857 4008 esset,
906 3948 972 4008 bito,
985 3949 1044 4011 quin
1057 3948 1197 4006 obtineam,
1216 3950 1391 4014 corrigendum
1405 3967 1443 4001 es-

322 4046 448 4096 quumque
467 4030 597 4088 dixissem,
618 4029 723 4078 orationi
740 4029 787 4077 ista
806 4044 859 4078 non
899 4033 942 4086 se,
957 4029 1071 4088 implent:
1085 4033 1180 4085 contra,
1195 4029 1333 4090 impellitur
1346 4029 1400 4091 quis
1412 4030 1444 4078 ad

323 4112 369 4161 nisi
382 4110 501 4174 singulari
510 4123 614 4157 numero
621 4106 695 4157 tribui
702 4121 783 4170 posse,
798 4123 857 4169 pro·
906 4107 1039 4170 agendum.
1074 4109 1149 4155 Pron.
1170 4121 1212 4166 ea,
1236 4107 1291 4156 iure
1309 4107 1444 4156 delendum

321 4190 390 4240 bavit
404 4185 582 4238 correctionem
596 4185 739 4243 Pideritius‚
754 4199 858 4247 eamque
906 4191 991 4234 censet
1004 4185 1143 4234 Pideritius.

321 4271 461 4318 luculenter
474 4267 579 4316 ornavit.
599 4265 699 4313 Sensum
712 4269 738 4312 et
750 4263 858 4312 dolorem
940 4277 1014 4324 qaum
1032 4264 1106 4311 lirim
1120 4290 1153 4299 —
1165 4264 1210 4311 illo
1222 4265 1276 4325 ipro
1288 4265 1388 4313 torrido
1401 4268 1443 4313 ob·

321 4348 410 4398 eodem
423 4347 498 4395 modo
511 4345 628 4409 coniungi
637 4344 750 4393 videmus
758 4344 857 4392 cluent.
906 4342 1029 4404 aoletoque
1049 4343 1184 4390 teneamur.
1218 4343 1342 4404 Kayserus
1362 4345 1444 4405 suspi-

322 4429 391 4487 510.
426 4427 483 4476 Sex.
498 4427 571 4474 Rose.
586 4426 698 4481 Amer.§
713 4422 769 4470 129.
906 4424 989 4478 eatur,
1004 4419 1122 4469 excidisse
1133 4433 1231 4482 aenne.
1268 4420 1375 4485 Egoilla
1387 4422 1443 4470 Ad·

355 4505 396 4558 97.
414 4509 444 4554 ut
456 4519 579 4561 moneam,
596 4499 783 4564 [utroneaiia]
801 4501 855 4548 Me·
905 4497 995 4547 iectlva
1014 4498 1096 4561 potius
1116 4497 1268 4548 substantive
1289 4498 1367 4561 posita
1387 4514 1444 4548 esse

321 4585 368 4634 rito
389 4585 434 4633 iste
454 4583 479 4632 in
501 4597 550 4632 uno
564 4583 692 4642 alteroque
707 4577 768 4627 Cod.
783 4577 855 4626 omit·
905 4582 975 4639 puto.
