<?xml version="1.0" encoding="UTF-8"?>
<!DOCTYPE html PUBLIC "-//W3C//DTD XHTML 1.0 Transitional//EN"
    "http://www.w3.org/TR/xhtml1/DTD/xhtml1-transitional.dtd">
<html xmlns="http://www.w3.org/1999/xhtml" xml:lang="en" lang="en">
 <head>
  <title>
</title>
<meta http-equiv="Content-Type" content="text/html;charset=utf-8" />
  <meta name='ocr-system' content='tesseract 3.04.00' />
  <meta name='ocr-capabilities' content='ocr_page ocr_carea ocr_par ocr_line ocrx_word'/>
</head>
<body>
  <div class='ocr_page' id='page_1' title='image "./mtulliiciceroni01bakegoog_0326.png"; bbox 0 0 3242 5500; ppageno 0'>
   <div class='ocr_carea' id='block_1_1' title="bbox 388 311 1485 573">
    <p class='ocr_par' dir='ltr' id='par_1_1' title="bbox 388 311 1485 573">
     <span class='ocr_line' id='line_1_1' title="bbox 1285 311 1485 524; baseline 0.005 -132"><span class='ocrx_word' id='word_1_1' title='bbox 1285 368 1399 524; x_wconf 55' lang='lat' dir='ltr'>W)</span> <span class='ocrx_word' id='word_1_2' title='bbox 1416 311 1485 417; x_wconf 63' lang='lat' dir='ltr'>,a</span> 
     </span>
     <span class='ocr_line' id='line_1_2' title="bbox 388 494 1413 573; baseline 0.01 -10"><span class='ocrx_word' id='word_1_3' title='bbox 388 494 457 563; x_wconf 88' lang='lat'>306</span> <span class='ocrx_word' id='word_1_4' title='bbox 1377 502 1413 573; x_wconf 77' lang='lat' dir='ltr'>(i</span> 
     </span>
    </p>
   </div>
   <div class='ocr_carea' id='block_1_2' title="bbox 728 503 1169 583">
    <p class='ocr_par' dir='ltr' id='par_1_2' title="bbox 728 503 1169 583">
     <span class='ocr_line' id='line_1_3' title="bbox 728 503 1169 583; baseline 0.014 -19"><span class='ocrx_word' id='word_1_5' title='bbox 728 517 841 565; x_wconf 80' lang='lat' dir='ltr'>nisus</span> <span class='ocrx_word' id='word_1_6' title='bbox 868 517 1037 567; x_wconf 80' lang='lat' dir='ltr'>scurrus.</span> <span class='ocrx_word' id='word_1_7' title='bbox 1067 503 1084 583; x_wconf 78' lang='lat'><strong>5</strong></span> <span class='ocrx_word' id='word_1_8' title='bbox 1112 503 1169 573; x_wconf 82' lang='lat'>74.</span> 
     </span>
    </p>
   </div>
   <div class='ocr_carea' id='block_1_3' title="bbox 316 673 1512 1876">
    <p class='ocr_par' dir='ltr' id='par_1_3' title="bbox 316 673 1512 1876">
     <span class='ocr_line' id='line_1_4' title="bbox 316 673 1508 804; baseline 0.004 -41"><span class='ocrx_word' id='word_1_9' title='bbox 316 693 362 763; x_wconf 81' lang='lat'>20</span> <span class='ocrx_word' id='word_1_10' title='bbox 439 688 540 763; x_wconf 84' lang='lat' dir='ltr'>Quae</span> <span class='ocrx_word' id='word_1_11' title='bbox 564 712 673 784; x_wconf 91' lang='lat' dir='ltr'>quum</span> <span class='ocrx_word' id='word_1_12' title='bbox 695 688 742 761; x_wconf 90' lang='lat' dir='ltr'>ita</span> <span class='ocrx_word' id='word_1_13' title='bbox 767 690 860 776; x_wconf 87' lang='lat' dir='ltr'>sint,</span> <span class='ocrx_word' id='word_1_14' title='bbox 886 690 1083 786; x_wconf 83' lang='lat' dir='ltr'>paullulum</span> <span class='ocrx_word' id='word_1_15' title='bbox 1110 673 1343 804; x_wconf 61' lang='lat' dir='ltr'>equidemlde</span> <span class='ocrx_word' id='word_1_16' title='bbox 1369 685 1508 799; x_wconf 72' lang='lat' dir='ltr'>meJde·</span> 
     </span>
     <span class='ocr_line' id='line_1_5' title="bbox 333 796 1510 898; baseline 0.005 -27"><span class='ocrx_word' id='word_1_17' title='bbox 333 821 364 871; x_wconf 78' lang='lat' dir='ltr'>rs</span> <span class='ocrx_word' id='word_1_18' title='bbox 388 796 574 891; x_wconf 88' lang='lat' dir='ltr'>precabor,</span> <span class='ocrx_word' id='word_1_19' title='bbox 614 806 648 869; x_wconf 89' lang='lat' dir='ltr'>et</span> <span class='ocrx_word' id='word_1_20' title='bbox 681 806 799 893; x_wconf 90' lang='lat' dir='ltr'>petam</span> <span class='ocrx_word' id='word_1_21' title='bbox 824 822 844 869; x_wconf 90' lang='lat' dir='ltr'>a</span> <span class='ocrx_word' id='word_1_22' title='bbox 868 798 986 886; x_wconf 91' lang='lat' dir='ltr'>vobis,</span> <span class='ocrx_word' id='word_1_23' title='bbox 1013 809 1054 873; x_wconf 88' lang='lat' dir='ltr'>ut</span> <span class='ocrx_word' id='word_1_24' title='bbox 1076 826 1137 887; x_wconf 91' lang='lat' dir='ltr'>ea,</span> <span class='ocrx_word' id='word_1_25' title='bbox 1164 827 1254 898; x_wconf 89' lang='lat' dir='ltr'>quae</span> <span class='ocrx_word' id='word_1_26' title='bbox 1276 800 1413 891; x_wconf 89' lang='lat' dir='ltr'>dicam,</span> <span class='ocrx_word' id='word_1_27' title='bbox 1441 829 1510 877; x_wconf 88' lang='lat' dir='ltr'>non</span> 
     </span>
     <span class='ocr_line' id='line_1_6' title="bbox 386 906 1510 1013; baseline 0.007 -36"><span class='ocrx_word' id='word_1_28' title='bbox 386 906 431 977; x_wconf 87' lang='lat' dir='ltr'>de</span> <span class='ocrx_word' id='word_1_29' title='bbox 452 907 696 1001; x_wconf 85' lang='lat' dir='ltr'>memetipse,</span> <span class='ocrx_word' id='word_1_30' title='bbox 724 908 785 979; x_wconf 89' lang='lat' dir='ltr'>sed</span> <span class='ocrx_word' id='word_1_31' title='bbox 803 907 847 979; x_wconf 92' lang='lat' dir='ltr'>de</span> <span class='ocrx_word' id='word_1_32' title='bbox 863 916 997 980; x_wconf 90' lang='lat' dir='ltr'>oratore</span> <span class='ocrx_word' id='word_1_33' title='bbox 1015 909 1290 1013; x_wconf 80' lang='lat' dir='ltr'>discreputetis.</span> <span class='ocrx_word' id='word_1_34' title='bbox 1318 913 1398 1008; x_wconf 84' lang='lat' dir='ltr'>Ego</span> <span class='ocrx_word' id='word_1_35' title='bbox 1415 914 1510 987; x_wconf 90' lang='lat' dir='ltr'>enim</span> 
     </span>
     <span class='ocr_line' id='line_1_7' title="bbox 386 1016 1511 1117; baseline 0.007 -30"><span class='ocrx_word' id='word_1_36' title='bbox 386 1040 465 1087; x_wconf 90' lang='lat' dir='ltr'>sum</span> <span class='ocrx_word' id='word_1_37' title='bbox 499 1018 549 1101; x_wconf 77' lang='lat' dir='ltr'>ia,</span> <span class='ocrx_word' id='word_1_38' title='bbox 587 1016 669 1111; x_wconf 89' lang='lat' dir='ltr'>qui,</span> <span class='ocrx_word' id='word_1_39' title='bbox 708 1041 819 1110; x_wconf 90' lang='lat' dir='ltr'>quum</span> <span class='ocrx_word' id='word_1_40' title='bbox 855 1041 993 1089; x_wconf 90' lang='lat' dir='ltr'>summo</span> <span class='ocrx_word' id='word_1_41' title='bbox 1016 1018 1134 1090; x_wconf 89' lang='lat' dir='ltr'>studio</span> <span class='ocrx_word' id='word_1_42' title='bbox 1158 1022 1268 1115; x_wconf 89' lang='lat' dir='ltr'>patris</span> <span class='ocrx_word' id='word_1_43' title='bbox 1292 1022 1329 1093; x_wconf 93' lang='lat' dir='ltr'>in</span> <span class='ocrx_word' id='word_1_44' title='bbox 1361 1024 1511 1117; x_wconf 83' lang='lat' dir='ltr'>pueritia</span> 
     </span>
     <span class='ocr_line' id='line_1_8' title="bbox 388 1124 1511 1225; baseline 0.006 -29"><span class='ocrx_word' id='word_1_45' title='bbox 388 1124 510 1197; x_wconf 89' lang='lat' dir='ltr'>doctus</span> <span class='ocrx_word' id='word_1_46' title='bbox 547 1149 679 1211; x_wconf 89' lang='lat' dir='ltr'>essem,</span> <span class='ocrx_word' id='word_1_47' title='bbox 717 1133 752 1197; x_wconf 87' lang='lat' dir='ltr'>et</span> <span class='ocrx_word' id='word_1_48' title='bbox 785 1126 823 1197; x_wconf 93' lang='lat' dir='ltr'>in</span> <span class='ocrx_word' id='word_1_49' title='bbox 851 1127 966 1199; x_wconf 89' lang='lat' dir='ltr'>forum</span> <span class='ocrx_word' id='word_1_50' title='bbox 990 1127 1126 1223; x_wconf 86' lang='lat' dir='ltr'>ingenii</span> <span class='ocrx_word' id='word_1_51' title='bbox 1149 1137 1308 1216; x_wconf 88' lang='lat' dir='ltr'>tantum,</span> <span class='ocrx_word' id='word_1_52' title='bbox 1335 1140 1511 1225; x_wconf 90' lang='lat' dir='ltr'>quantum</span> 
     </span>
     <span class='ocr_line' id='line_1_9' title="bbox 388 1234 1511 1334; baseline 0.007 -29"><span class='ocrx_word' id='word_1_53' title='bbox 388 1234 463 1329; x_wconf 93' lang='lat' dir='ltr'>ipse</span> <span class='ocrx_word' id='word_1_54' title='bbox 496 1234 627 1321; x_wconf 83' lang='lat' dir='ltr'>sentia,</span> <span class='ocrx_word' id='word_1_55' title='bbox 663 1259 733 1306; x_wconf 88' lang='lat' dir='ltr'>non</span> <span class='ocrx_word' id='word_1_56' title='bbox 760 1243 921 1320; x_wconf 89' lang='lat' dir='ltr'>tantum,</span> <span class='ocrx_word' id='word_1_57' title='bbox 948 1246 1119 1332; x_wconf 90' lang='lat' dir='ltr'>quantum</span> <span class='ocrx_word' id='word_1_58' title='bbox 1140 1238 1216 1334; x_wconf 91' lang='lat' dir='ltr'>ipse</span> <span class='ocrx_word' id='word_1_59' title='bbox 1240 1240 1386 1312; x_wconf 82' lang='lat' dir='ltr'><strong>forsitan</strong></span> <span class='ocrx_word' id='word_1_60' title='bbox 1410 1240 1511 1313; x_wconf 90' lang='lat' dir='ltr'>vobis</span> 
     </span>
     <span class='ocr_line' id='line_1_10' title="bbox 386 1343 1510 1446; baseline 0.007 -32"><span class='ocrx_word' id='word_1_61' title='bbox 386 1343 521 1429; x_wconf 89' lang='lat' dir='ltr'>videar,</span> <span class='ocrx_word' id='word_1_62' title='bbox 549 1344 773 1428; x_wconf 78' lang='lat' dir='ltr'>detulissem,</span> <span class='ocrx_word' id='word_1_63' title='bbox 800 1368 871 1415; x_wconf 92' lang='lat' dir='ltr'>non</span> <span class='ocrx_word' id='word_1_64' title='bbox 895 1346 1027 1440; x_wconf 88' lang='lat' dir='ltr'>possim</span> <span class='ocrx_word' id='word_1_65' title='bbox 1050 1346 1181 1433; x_wconf 84' lang='lat' dir='ltr'>dicere,</span> <span class='ocrx_word' id='word_1_66' title='bbox 1206 1373 1263 1419; x_wconf 92' lang='lat' dir='ltr'>me</span> <span class='ocrx_word' id='word_1_67' title='bbox 1287 1348 1392 1435; x_wconf 87' lang='lat' dir='ltr'>haec,</span> <span class='ocrx_word' id='word_1_68' title='bbox 1420 1374 1510 1446; x_wconf 86' lang='lat' dir='ltr'>quae</span> 
     </span>
     <span class='ocr_line' id='line_1_11' title="bbox 387 1453 1510 1549; baseline 0.004 -24"><span class='ocrx_word' id='word_1_69' title='bbox 387 1478 482 1525; x_wconf 91' lang='lat' dir='ltr'>nunc</span> <span class='ocrx_word' id='word_1_70' title='bbox 523 1454 755 1549; x_wconf 90' lang='lat' dir='ltr'>complector,</span> <span class='ocrx_word' id='word_1_71' title='bbox 802 1453 949 1549; x_wconf 88' lang='lat' dir='ltr'>perinde</span> <span class='ocrx_word' id='word_1_72' title='bbox 987 1462 1026 1526; x_wconf 91' lang='lat' dir='ltr'>ut</span> <span class='ocrx_word' id='word_1_73' title='bbox 1062 1455 1176 1527; x_wconf 89' lang='lat' dir='ltr'>dicam</span> <span class='ocrx_word' id='word_1_74' title='bbox 1212 1456 1378 1529; x_wconf 89' lang='lat' dir='ltr'>discenda</span> <span class='ocrx_word' id='word_1_75' title='bbox 1413 1484 1510 1545; x_wconf 88' lang='lat' dir='ltr'>esse,</span> 
     </span>
     <span class='ocr_line' id='line_1_12' title="bbox 387 1561 1512 1661; baseline 0.006 -28"><span class='ocrx_word' id='word_1_76' title='bbox 387 1561 570 1634; x_wconf 85' lang='lat' dir='ltr'>didicisse:</span> <span class='ocrx_word' id='word_1_77' title='bbox 607 1562 740 1658; x_wconf 91' lang='lat' dir='ltr'>quippe</span> <span class='ocrx_word' id='word_1_78' title='bbox 777 1562 839 1657; x_wconf 94' lang='lat' dir='ltr'>qui</span> <span class='ocrx_word' id='word_1_79' title='bbox 873 1564 1033 1634; x_wconf 90' lang='lat' dir='ltr'>omnium</span> <span class='ocrx_word' id='word_1_80' title='bbox 1057 1566 1260 1637; x_wconf 78' lang='lat' dir='ltr'>maturrime</span> <span class='ocrx_word' id='word_1_81' title='bbox 1282 1567 1328 1637; x_wconf 89' lang='lat' dir='ltr'>ad</span> <span class='ocrx_word' id='word_1_82' title='bbox 1349 1568 1512 1661; x_wconf 90' lang='lat' dir='ltr'>publicas</span> 
     </span>
     <span class='ocr_line' id='line_1_13' title="bbox 386 1672 1510 1774; baseline 0.004 -31"><span class='ocrx_word' id='word_1_83' title='bbox 386 1694 507 1743; x_wconf 89' lang='lat' dir='ltr'>causas</span> <span class='ocrx_word' id='word_1_84' title='bbox 531 1672 755 1756; x_wconf 82' lang='lat' dir='ltr'>accesserim,</span> <span class='ocrx_word' id='word_1_85' title='bbox 782 1695 963 1774; x_wconf 85' lang='lat' dir='ltr'>annosque</span> <span class='ocrx_word' id='word_1_86' title='bbox 987 1680 1091 1745; x_wconf 89' lang='lat' dir='ltr'>uatus</span> <span class='ocrx_word' id='word_1_87' title='bbox 1113 1698 1226 1745; x_wconf 92' lang='lat' dir='ltr'>unum</span> <span class='ocrx_word' id='word_1_88' title='bbox 1251 1683 1286 1746; x_wconf 90' lang='lat' dir='ltr'>et</span> <span class='ocrx_word' id='word_1_89' title='bbox 1302 1676 1431 1771; x_wconf 81' lang='lat' dir='ltr'>viginti</span> <span class='ocrx_word' id='word_1_90' title='bbox 1448 1702 1510 1748; x_wconf 91' lang='lat' dir='ltr'>no·</span> 
     </span>
     <span class='ocr_line' id='line_1_14' title="bbox 385 1779 1511 1876; baseline 0.005 -25"><span class='ocrx_word' id='word_1_91' title='bbox 385 1779 599 1852; x_wconf 88' lang='lat' dir='ltr'>bilissimum</span> <span class='ocrx_word' id='word_1_92' title='bbox 616 1780 794 1852; x_wconf 89' lang='lat' dir='ltr'>hominem</span> <span class='ocrx_word' id='word_1_93' title='bbox 813 1788 846 1852; x_wconf 92' lang='lat' dir='ltr'>et</span> <span class='ocrx_word' id='word_1_94' title='bbox 862 1780 1190 1876; x_wconf 89' lang='lat' dir='ltr'>eloquentissimum</span> <span class='ocrx_word' id='word_1_95' title='bbox 1206 1783 1244 1855; x_wconf 91' lang='lat' dir='ltr'>in</span> <span class='ocrx_word' id='word_1_96' title='bbox 1262 1784 1434 1858; x_wconf 91' lang='lat' dir='ltr'>iudicium</span> <span class='ocrx_word' id='word_1_97' title='bbox 1455 1811 1511 1857; x_wconf 88' lang='lat' dir='ltr'>vo·</span> 
     </span>
    </p>
   </div>
   <div class='ocr_carea' id='block_1_4' title="bbox 384 2106 1511 2403">
    <p class='ocr_par' dir='ltr' id='par_1_4' title="bbox 385 2106 1511 2174">
     <span class='ocr_line' id='line_1_15' title="bbox 385 2106 1511 2174; baseline 0.004 -18"><span class='ocrx_word' id='word_1_98' title='bbox 385 2106 424 2156; x_wconf 91' lang='lat' dir='ltr'>sit.</span> <span class='ocrx_word' id='word_1_99' title='bbox 458 2108 570 2155; x_wconf 79' lang='lat' dir='ltr'>Fortasse</span> <span class='ocrx_word' id='word_1_100' title='bbox 584 2119 597 2154; x_wconf 90' lang='lat' dir='ltr'>e</span> <span class='ocrx_word' id='word_1_101' title='bbox 611 2107 769 2168; x_wconf 79' lang='lat' dir='ltr'>corruptione</span> <span class='ocrx_word' id='word_1_102' title='bbox 782 2112 863 2156; x_wconf 89' lang='lat' dir='ltr'>crtum</span> <span class='ocrx_word' id='word_1_103' title='bbox 876 2113 922 2157; x_wconf 88' lang='lat' dir='ltr'>est.</span> <span class='ocrx_word' id='word_1_104' title='bbox 969 2112 1035 2157; x_wconf 85' lang='lat' dir='ltr'>teres</span> <span class='ocrx_word' id='word_1_105' title='bbox 1052 2108 1209 2157; x_wconf 86' lang='lat' dir='ltr'>coniunctam</span> <span class='ocrx_word' id='word_1_106' title='bbox 1223 2108 1300 2157; x_wconf 87' lang='lat' dir='ltr'>fuisse</span> <span class='ocrx_word' id='word_1_107' title='bbox 1314 2123 1370 2157; x_wconf 91' lang='lat' dir='ltr'>cnm</span> <span class='ocrx_word' id='word_1_108' title='bbox 1385 2112 1511 2174; x_wconf 83' lang='lat' dir='ltr'>cogitandi</span> 
     </span>
    </p>

    <p class='ocr_par' dir='ltr' id='par_1_5' title="bbox 384 2185 1510 2403">
     <span class='ocr_line' id='line_1_16' title="bbox 420 2185 1509 2253; baseline 0.002 -18"><span class='ocrx_word' id='word_1_109' title='bbox 420 2186 459 2236; x_wconf 98' lang='grc'>74.</span> <span class='ocrx_word' id='word_1_110' title='bbox 468 2187 494 2233; x_wconf 82' lang='lat' dir='ltr'>tn</span> <span class='ocrx_word' id='word_1_111' title='bbox 498 2185 619 2245; x_wconf 77' lang='lat' dir='ltr'>pueritia.</span> <span class='ocrx_word' id='word_1_112' title='bbox 627 2185 794 2234; x_wconf 85' lang='lat' dir='ltr'>Vehementer</span> <span class='ocrx_word' id='word_1_113' title='bbox 801 2186 921 2247; x_wconf 87' lang='lat' dir='ltr'>suspicor,</span> <span class='ocrx_word' id='word_1_114' title='bbox 969 2186 1116 2247; x_wconf 87' lang='lat' dir='ltr'>prudentia,</span> <span class='ocrx_word' id='word_1_115' title='bbox 1131 2200 1204 2247; x_wconf 87' lang='lat' dir='ltr'>quam</span> <span class='ocrx_word' id='word_1_116' title='bbox 1219 2192 1305 2248; x_wconf 89' lang='lat' dir='ltr'>postea</span> <span class='ocrx_word' id='word_1_117' title='bbox 1320 2190 1440 2237; x_wconf 84' lang='lat' dir='ltr'>Socratici</span> <span class='ocrx_word' id='word_1_118' title='bbox 1455 2192 1509 2253; x_wconf 88' lang='lat' dir='ltr'>phi·</span> 
     </span>
     <span class='ocr_line' id='line_1_17' title="bbox 385 2262 1510 2326; baseline 0.004 -14"><span class='ocrx_word' id='word_1_119' title='bbox 385 2266 433 2313; x_wconf 94' lang='lat' dir='ltr'>hoc</span> <span class='ocrx_word' id='word_1_120' title='bbox 452 2264 628 2326; x_wconf 86' lang='lat' dir='ltr'>interpolatum</span> <span class='ocrx_word' id='word_1_121' title='bbox 650 2278 717 2322; x_wconf 88' lang='lat' dir='ltr'>esse,</span> <span class='ocrx_word' id='word_1_122' title='bbox 739 2264 803 2313; x_wconf 91' lang='lat' dir='ltr'>sicut</span> <span class='ocrx_word' id='word_1_123' title='bbox 824 2266 850 2312; x_wconf 81' lang='lat' dir='ltr'>in</span> <span class='ocrx_word' id='word_1_124' title='bbox 863 2266 921 2312; x_wconf 83' lang='lat' dir='ltr'>adc-</span> <span class='ocrx_word' id='word_1_125' title='bbox 970 2264 1068 2325; x_wconf 92' lang='lat' dir='ltr'>losophi</span> <span class='ocrx_word' id='word_1_126' title='bbox 1093 2262 1125 2311; x_wconf 86' lang='lat' dir='ltr'>ab</span> <span class='ocrx_word' id='word_1_127' title='bbox 1149 2272 1246 2313; x_wconf 88' lang='lat' dir='ltr'>oratore</span> <span class='ocrx_word' id='word_1_128' title='bbox 1266 2266 1448 2325; x_wconf 78' lang='lat' dir='ltr'>seiunxissent3</span> <span class='ocrx_word' id='word_1_129' title='bbox 1468 2270 1510 2317; x_wconf 91' lang='lat' dir='ltr'>sed</span> 
     </span>
     <span class='ocr_line' id='line_1_18' title="bbox 384 2342 1508 2403; baseline 0.004 -12"><span class='ocrx_word' id='word_1_130' title='bbox 384 2342 921 2403; x_wconf 78' lang='lat' dir='ltr'>lecceattaanimadverti,Scholia.Hypomn.</span> <span class='ocrx_word' id='word_1_131' title='bbox 969 2342 1049 2389; x_wconf 85' lang='lat' dir='ltr'>nihilo</span> <span class='ocrx_word' id='word_1_132' title='bbox 1068 2342 1149 2390; x_wconf 89' lang='lat' dir='ltr'>minus</span> <span class='ocrx_word' id='word_1_133' title='bbox 1161 2347 1257 2391; x_wconf 88' lang='lat' dir='ltr'>tantam</span> <span class='ocrx_word' id='word_1_134' title='bbox 1271 2358 1325 2393; x_wconf 88' lang='lat' dir='ltr'>esse</span> <span class='ocrx_word' id='word_1_135' title='bbox 1338 2344 1364 2392; x_wconf 91' lang='lat' dir='ltr'>in</span> <span class='ocrx_word' id='word_1_136' title='bbox 1377 2360 1440 2395; x_wconf 86' lang='lat' dir='ltr'>vero</span> <span class='ocrx_word' id='word_1_137' title='bbox 1455 2362 1508 2395; x_wconf 90' lang='lat' dir='ltr'>ora·</span> 
     </span>
    </p>
   </div>
   <div class='ocr_carea' id='block_1_5' title="bbox 354 2419 922 3655">
    <p class='ocr_par' dir='ltr' id='par_1_6' title="bbox 354 2419 922 2717">
     <span class='ocr_line' id='line_1_19' title="bbox 384 2419 922 2483; baseline -0.004 -14"><span class='ocrx_word' id='word_1_138' title='bbox 384 2424 414 2469; x_wconf 93' lang='lat' dir='ltr'>V.</span> <span class='ocrx_word' id='word_1_139' title='bbox 423 2437 448 2483; x_wconf 90' lang='lat' dir='ltr'>p.</span> <span class='ocrx_word' id='word_1_140' title='bbox 457 2423 514 2474; x_wconf 82' lang='lat'><strong>213.</strong></span> <span class='ocrx_word' id='word_1_141' title='bbox 529 2434 566 2481; x_wconf 85' lang='lat' dir='ltr'>sq.</span> <span class='ocrx_word' id='word_1_142' title='bbox 580 2419 718 2482; x_wconf 88' lang='lat' dir='ltr'>Oportebat</span> <span class='ocrx_word' id='word_1_143' title='bbox 724 2435 792 2478; x_wconf 87' lang='lat' dir='ltr'>sane,</span> <span class='ocrx_word' id='word_1_144' title='bbox 807 2436 922 2482; x_wconf 81' lang='lat' dir='ltr'>quum-</span> 
     </span>
     <span class='ocr_line' id='line_1_20' title="bbox 354 2484 921 2560; baseline 0 -13"><span class='ocrx_word' id='word_1_145' title='bbox 354 2484 355 2487; x_wconf 22' lang='lat'>¹</span> <span class='ocrx_word' id='word_1_146' title='bbox 380 2512 446 2560; x_wconf 80' lang='lat' dir='ltr'>puer</span> <span class='ocrx_word' id='word_1_147' title='bbox 459 2499 545 2547; x_wconf 82' lang='lat' dir='ltr'>doctas</span> <span class='ocrx_word' id='word_1_148' title='bbox 557 2512 642 2546; x_wconf 74' lang='lat' dir='ltr'>essem.</span> <span class='ocrx_word' id='word_1_149' title='bbox 671 2498 720 2546; x_wconf 87' lang='lat' dir='ltr'>Sed</span> <span class='ocrx_word' id='word_1_150' title='bbox 733 2500 783 2547; x_wconf 87' lang='lat' dir='ltr'>tale</span> <span class='ocrx_word' id='word_1_151' title='bbox 797 2499 857 2559; x_wconf 91' lang='lat' dir='ltr'>quid</span> <span class='ocrx_word' id='word_1_152' title='bbox 871 2513 921 2547; x_wconf 87' lang='lat' dir='ltr'>non</span> 
     </span>
     <span class='ocr_line' id='line_1_21' title="bbox 383 2576 920 2639; baseline 0 -14"><span class='ocrx_word' id='word_1_153' title='bbox 383 2577 578 2639; x_wconf 88' lang='lat' dir='ltr'>deprehenditur</span> <span class='ocrx_word' id='word_1_154' title='bbox 601 2576 727 2636; x_wconf 89' lang='lat' dir='ltr'>additum,</span> <span class='ocrx_word' id='word_1_155' title='bbox 748 2591 829 2638; x_wconf 89' lang='lat' dir='ltr'>neque</span> <span class='ocrx_word' id='word_1_156' title='bbox 850 2578 920 2626; x_wconf 91' lang='lat' dir='ltr'>Lael.</span> 
     </span>
     <span class='ocr_line' id='line_1_22' title="bbox 384 2656 688 2717; baseline -0.003 -13"><span class='ocrx_word' id='word_1_157' title='bbox 384 2661 397 2715; x_wconf 86' lang='lat'><strong>5</strong></span> <span class='ocrx_word' id='word_1_158' title='bbox 411 2658 439 2713; x_wconf 84' lang='lat'>2,</span> <span class='ocrx_word' id='word_1_159' title='bbox 457 2670 538 2717; x_wconf 89' lang='lat' dir='ltr'>neque</span> <span class='ocrx_word' id='word_1_160' title='bbox 552 2656 622 2704; x_wconf 83' lang='lat' dir='ltr'>Cocl.</span> <span class='ocrx_word' id='word_1_161' title='bbox 638 2659 650 2713; x_wconf 95' lang='lat'><strong>5</strong></span> <span class='ocrx_word' id='word_1_162' title='bbox 665 2656 688 2703; x_wconf 89' lang='lat'>9.</span> 
     </span>
    </p>

    <p class='ocr_par' dir='ltr' id='par_1_7' title="bbox 382 2733 919 3109">
     <span class='ocr_line' id='line_1_23' title="bbox 416 2733 918 2795; baseline 0.002 -14"><span class='ocrx_word' id='word_1_163' title='bbox 416 2734 547 2795; x_wconf 74' lang='lat' dir='ltr'>disciplina</span> <span class='ocrx_word' id='word_1_164' title='bbox 560 2761 594 2770; x_wconf 85' lang='lat'><em>-</em></span> <span class='ocrx_word' id='word_1_165' title='bbox 601 2734 698 2795; x_wconf 80' lang='lat' dir='ltr'>sorum.</span> <span class='ocrx_word' id='word_1_166' title='bbox 717 2733 790 2783; x_wconf 85' lang='lat' dir='ltr'>Conf.</span> <span class='ocrx_word' id='word_1_167' title='bbox 806 2734 842 2782; x_wconf 89' lang='lat' dir='ltr'>ll.</span> <span class='ocrx_word' id='word_1_168' title='bbox 857 2736 918 2792; x_wconf 80' lang='lat'><strong>589.</strong></span> 
     </span>
     <span class='ocr_line' id='line_1_24' title="bbox 384 2812 919 2873; baseline -0.004 -11"><span class='ocrx_word' id='word_1_169' title='bbox 384 2814 457 2873; x_wconf 84' lang='lat' dir='ltr'>Quod</span> <span class='ocrx_word' id='word_1_170' title='bbox 477 2817 560 2862; x_wconf 88' lang='lat' dir='ltr'>autern</span> <span class='ocrx_word' id='word_1_171' title='bbox 580 2812 691 2869; x_wconf 80' lang='lat' dir='ltr'>additur,</span> <span class='ocrx_word' id='word_1_172' title='bbox 706 2815 731 2859; x_wconf 86' lang='lat' dir='ltr'>et</span> <span class='ocrx_word' id='word_1_173' title='bbox 745 2813 807 2872; x_wconf 76' lang='lat' dir='ltr'>tepeo</span> <span class='ocrx_word' id='word_1_174' title='bbox 820 2840 853 2848; x_wconf 95' lang='lat'><em>-</em></span> <span class='ocrx_word' id='word_1_175' title='bbox 866 2828 919 2860; x_wconf 82' lang='lat' dir='ltr'>mo·</span> 
     </span>
     <span class='ocr_line' id='line_1_25' title="bbox 382 2891 919 2950; baseline -0.002 -11"><span class='ocrx_word' id='word_1_176' title='bbox 382 2895 470 2950; x_wconf 76' lang='lat' dir='ltr'>imam,</span> <span class='ocrx_word' id='word_1_177' title='bbox 486 2892 547 2940; x_wconf 87' lang='lat' dir='ltr'>haec</span> <span class='ocrx_word' id='word_1_178' title='bbox 561 2891 680 2939; x_wconf 88' lang='lat' dir='ltr'>eiusmodi</span> <span class='ocrx_word' id='word_1_179' title='bbox 694 2891 754 2938; x_wconf 87' lang='lat' dir='ltr'>mibi</span> <span class='ocrx_word' id='word_1_180' title='bbox 767 2905 820 2940; x_wconf 89' lang='lat' dir='ltr'>esse</span> <span class='ocrx_word' id='word_1_181' title='bbox 831 2891 919 2939; x_wconf 88' lang='lat' dir='ltr'>viden·</span> 
     </span>
     <span class='ocr_line' id='line_1_26' title="bbox 382 2969 918 3030; baseline -0.006 -12"><span class='ocrx_word' id='word_1_182' title='bbox 382 2976 435 3026; x_wconf 90' lang='lat' dir='ltr'>tur,</span> <span class='ocrx_word' id='word_1_183' title='bbox 461 2975 489 3018; x_wconf 87' lang='lat' dir='ltr'>ut</span> <span class='ocrx_word' id='word_1_184' title='bbox 512 2969 574 3017; x_wconf 87' lang='lat' dir='ltr'>nihil</span> <span class='ocrx_word' id='word_1_185' title='bbox 594 2984 674 3030; x_wconf 88' lang='lat' dir='ltr'>neque</span> <span class='ocrx_word' id='word_1_186' title='bbox 698 2983 754 3016; x_wconf 91' lang='lat' dir='ltr'>cum</span> <span class='ocrx_word' id='word_1_187' title='bbox 775 2969 918 3030; x_wconf 80' lang='lat' dir='ltr'>disciplina,</span> 
     </span>
     <span class='ocr_line' id='line_1_27' title="bbox 382 3045 868 3109; baseline -0.004 -13"><span class='ocrx_word' id='word_1_188' title='bbox 382 3063 463 3109; x_wconf 87' lang='lat' dir='ltr'>neque</span> <span class='ocrx_word' id='word_1_189' title='bbox 477 3062 533 3096; x_wconf 90' lang='lat' dir='ltr'>cum</span> <span class='ocrx_word' id='word_1_190' title='bbox 547 3062 593 3095; x_wconf 78' lang='lat' dir='ltr'>aaa</span> <span class='ocrx_word' id='word_1_191' title='bbox 606 3061 737 3095; x_wconf 88' lang='lat' dir='ltr'>commune</span> <span class='ocrx_word' id='word_1_192' title='bbox 751 3045 868 3094; x_wconf 82' lang='lat' dir='ltr'>habeant.</span> 
     </span>
    </p>

    <p class='ocr_par' dir='ltr' id='par_1_8' title="bbox 378 3124 919 3655">
     <span class='ocr_line' id='line_1_28' title="bbox 417 3124 918 3189; baseline -0.01 -12"><span class='ocrx_word' id='word_1_193' title='bbox 417 3128 457 3177; x_wconf 83' lang='grc'>75.</span> <span class='ocrx_word' id='word_1_194' title='bbox 475 3140 522 3174; x_wconf 84' lang='lat' dir='ltr'>non</span> <span class='ocrx_word' id='word_1_195' title='bbox 542 3127 606 3173; x_wconf 84' lang='lat' dir='ltr'>enim</span> <span class='ocrx_word' id='word_1_196' title='bbox 627 3127 688 3188; x_wconf 80' lang='lat' dir='ltr'>qnid</span> <span class='ocrx_word' id='word_1_197' title='bbox 707 3141 748 3189; x_wconf 78' lang='lat' dir='ltr'>epo</span> <span class='ocrx_word' id='word_1_198' title='bbox 764 3151 798 3188; x_wconf 65' lang='lat'>-7</span> <span class='ocrx_word' id='word_1_199' title='bbox 811 3124 918 3185; x_wconf 78' lang='lat' dir='ltr'>disputo.</span> 
     </span>
     <span class='ocr_line' id='line_1_29' title="bbox 382 3204 919 3264; baseline -0.006 -12"><span class='ocrx_word' id='word_1_200' title='bbox 382 3205 458 3253; x_wconf 88' lang='lat' dir='ltr'>Modo</span> <span class='ocrx_word' id='word_1_201' title='bbox 472 3204 568 3252; x_wconf 81' lang='lat' dir='ltr'>dixerat</span> <span class='ocrx_word' id='word_1_202' title='bbox 579 3204 658 3262; x_wconf 89' lang='lat' dir='ltr'>idem,</span> <span class='ocrx_word' id='word_1_203' title='bbox 674 3209 686 3263; x_wconf 86' lang='lat'><strong>5</strong></span> <span class='ocrx_word' id='word_1_204' title='bbox 703 3204 748 3260; x_wconf 87' lang='grc'>74,</span> <span class='ocrx_word' id='word_1_205' title='bbox 762 3205 792 3251; x_wconf 84' lang='lat' dir='ltr'>nt</span> <span class='ocrx_word' id='word_1_206' title='bbox 805 3218 842 3259; x_wconf 84' lang='lat' dir='ltr'>ea,</span> <span class='ocrx_word' id='word_1_207' title='bbox 857 3217 919 3264; x_wconf 73' lang='lat' dir='ltr'>quae</span> 
     </span>
     <span class='ocr_line' id='line_1_30' title="bbox 381 3280 917 3341; baseline -0.007 -11"><span class='ocrx_word' id='word_1_208' title='bbox 381 3283 474 3340; x_wconf 80' lang='lat' dir='ltr'>dicam,</span> <span class='ocrx_word' id='word_1_209' title='bbox 489 3295 537 3329; x_wconf 80' lang='lat' dir='ltr'>aaa</span> <span class='ocrx_word' id='word_1_210' title='bbox 551 3283 581 3329; x_wconf 87' lang='lat' dir='ltr'>de</span> <span class='ocrx_word' id='word_1_211' title='bbox 593 3283 681 3329; x_wconf 84' lang='lat' dir='ltr'>memet</span> <span class='ocrx_word' id='word_1_212' title='bbox 695 3282 758 3341; x_wconf 70' lang='lat' dir='ltr'>mac,</span> <span class='ocrx_word' id='word_1_213' title='bbox 773 3280 917 3328; x_wconf 82' lang='lat' dir='ltr'>seddecra-</span> 
     </span>
     <span class='ocr_line' id='line_1_31' title="bbox 382 3358 917 3419; baseline -0.004 -11"><span class='ocrx_word' id='word_1_214' title='bbox 382 3363 435 3409; x_wconf 85' lang='lat' dir='ltr'>tore</span> <span class='ocrx_word' id='word_1_215' title='bbox 452 3359 533 3408; x_wconf 82' lang='lat' dir='ltr'>dicere</span> <span class='ocrx_word' id='word_1_216' title='bbox 543 3360 656 3419; x_wconf 68' lang='lat' dir='ltr'>putatia·</span> <span class='ocrx_word' id='word_1_217' title='bbox 670 3363 695 3408; x_wconf 88' lang='lat' dir='ltr'>et</span> <span class='ocrx_word' id='word_1_218' title='bbox 708 3358 838 3419; x_wconf 78' lang='lat' dir='ltr'>aliquoties</span> <span class='ocrx_word' id='word_1_219' title='bbox 851 3363 917 3418; x_wconf 85' lang='lat' dir='ltr'>ante,</span> 
     </span>
     <span class='ocr_line' id='line_1_32' title="bbox 380 3436 916 3500; baseline -0.004 -14"><span class='ocrx_word' id='word_1_220' title='bbox 380 3439 462 3500; x_wconf 88' lang='lat' dir='ltr'>priore</span> <span class='ocrx_word' id='word_1_221' title='bbox 481 3437 554 3486; x_wconf 84' lang='lat' dir='ltr'>libro.</span> <span class='ocrx_word' id='word_1_222' title='bbox 589 3441 659 3487; x_wconf 88' lang='lat' dir='ltr'>Haec</span> <span class='ocrx_word' id='word_1_223' title='bbox 678 3442 729 3486; x_wconf 84' lang='lat' dir='ltr'>tam</span> <span class='ocrx_word' id='word_1_224' title='bbox 749 3436 820 3484; x_wconf 89' lang='lat' dir='ltr'>brevi</span> <span class='ocrx_word' id='word_1_225' title='bbox 839 3436 916 3485; x_wconf 88' lang='lat' dir='ltr'>inter·</span> 
     </span>
     <span class='ocr_line' id='line_1_33' title="bbox 378 3515 916 3568; baseline -0.006 -3"><span class='ocrx_word' id='word_1_226' title='bbox 378 3519 446 3566; x_wconf 87' lang='lat' dir='ltr'>vallo</span> <span class='ocrx_word' id='word_1_227' title='bbox 465 3517 554 3565; x_wconf 89' lang='lat' dir='ltr'>iterum</span> <span class='ocrx_word' id='word_1_228' title='bbox 574 3517 623 3564; x_wconf 90' lang='lat' dir='ltr'>dici</span> <span class='ocrx_word' id='word_1_229' title='bbox 647 3517 718 3568; x_wconf 86' lang='lat' dir='ltr'>nullu</span> <span class='ocrx_word' id='word_1_230' title='bbox 737 3516 812 3564; x_wconf 90' lang='lat' dir='ltr'>modo</span> <span class='ocrx_word' id='word_1_231' title='bbox 828 3515 916 3564; x_wconf 82' lang='lat' dir='ltr'>deien-</span> 
     </span>
     <span class='ocr_line' id='line_1_34' title="bbox 379 3594 917 3655; baseline -0.002 -13"><span class='ocrx_word' id='word_1_232' title='bbox 379 3596 504 3653; x_wconf 90' lang='lat' dir='ltr'>deudnm,</span> <span class='ocrx_word' id='word_1_233' title='bbox 529 3597 737 3655; x_wconf 86' lang='lat' dir='ltr'>confirmaturque</span> <span class='ocrx_word' id='word_1_234' title='bbox 756 3594 817 3641; x_wconf 91' lang='lat' dir='ltr'>mihi</span> <span class='ocrx_word' id='word_1_235' title='bbox 837 3594 917 3654; x_wconf 89' lang='lat' dir='ltr'>suspi-</span> 
     </span>
    </p>
   </div>
   <div class='ocr_carea' id='block_1_6' title="bbox 965 2421 1508 3654">
    <p class='ocr_par' dir='ltr' id='par_1_9' title="bbox 965 2421 1508 3654">
     <span class='ocr_line' id='line_1_35' title="bbox 968 2421 1508 2482; baseline 0.007 -13"><span class='ocrx_word' id='word_1_236' title='bbox 968 2425 1023 2469; x_wconf 87' lang='lat' dir='ltr'>tore</span> <span class='ocrx_word' id='word_1_237' title='bbox 1050 2421 1178 2468; x_wconf 87' lang='lat' dir='ltr'>scientiam</span> <span class='ocrx_word' id='word_1_238' title='bbox 1205 2428 1231 2470; x_wconf 89' lang='lat' dir='ltr'>et</span> <span class='ocrx_word' id='word_1_239' title='bbox 1251 2422 1412 2482; x_wconf 85' lang='lat' dir='ltr'>facultatem,</span> <span class='ocrx_word' id='word_1_240' title='bbox 1436 2431 1464 2473; x_wconf 88' lang='lat' dir='ltr'>ut</span> <span class='ocrx_word' id='word_1_241' title='bbox 1484 2426 1508 2473; x_wconf 86' lang='lat' dir='ltr'>in</span> 
     </span>
     <span class='ocr_line' id='line_1_36' title="bbox 968 2499 1508 2562; baseline 0.007 -17"><span class='ocrx_word' id='word_1_242' title='bbox 968 2499 1070 2547; x_wconf 86' lang='lat' dir='ltr'>istarum</span> <span class='ocrx_word' id='word_1_243' title='bbox 1082 2513 1181 2560; x_wconf 89' lang='lat' dir='ltr'>quoque</span> <span class='ocrx_word' id='word_1_244' title='bbox 1191 2514 1276 2547; x_wconf 89' lang='lat' dir='ltr'>rerum</span> <span class='ocrx_word' id='word_1_245' title='bbox 1283 2500 1452 2562; x_wconf 87' lang='lat' dir='ltr'>disputatione</span> <span class='ocrx_word' id='word_1_246' title='bbox 1460 2518 1508 2550; x_wconf 87' lang='lat' dir='ltr'>non</span> 
     </span>
     <span class='ocr_line' id='line_1_37' title="bbox 968 2577 1507 2639; baseline 0.009 -16"><span class='ocrx_word' id='word_1_247' title='bbox 968 2577 1074 2625; x_wconf 89' lang='lat' dir='ltr'>multum</span> <span class='ocrx_word' id='word_1_248' title='bbox 1090 2577 1245 2639; x_wconf 88' lang='lat' dir='ltr'>philosophis</span> <span class='ocrx_word' id='word_1_249' title='bbox 1259 2580 1389 2627; x_wconf 87' lang='lat' dir='ltr'>concedet.</span> <span class='ocrx_word' id='word_1_250' title='bbox 1425 2582 1457 2628; x_wconf 87' lang='lat' dir='ltr'>ln</span> <span class='ocrx_word' id='word_1_251' title='bbox 1471 2581 1507 2629; x_wconf 91' lang='lat' dir='ltr'>his</span> 
     </span>
     <span class='ocr_line' id='line_1_38' title="bbox 969 2656 1504 2715; baseline 0.007 -13"><span class='ocrx_word' id='word_1_252' title='bbox 969 2656 1066 2703; x_wconf 90' lang='lat' dir='ltr'>nullum</span> <span class='ocrx_word' id='word_1_253' title='bbox 1085 2656 1159 2705; x_wconf 88' lang='lat' dir='ltr'>video</span> <span class='ocrx_word' id='word_1_254' title='bbox 1179 2658 1262 2704; x_wconf 89' lang='lat' dir='ltr'>locum</span> <span class='ocrx_word' id='word_1_255' title='bbox 1284 2672 1338 2705; x_wconf 90' lang='lat' dir='ltr'>esse</span> <span class='ocrx_word' id='word_1_256' title='bbox 1351 2658 1504 2715; x_wconf 79' lang='lat' dir='ltr'>rhetoribus,</span> 
     </span>
     <span class='ocr_line' id='line_1_39' title="bbox 969 2734 1504 2800; baseline 0.009 -20"><span class='ocrx_word' id='word_1_257' title='bbox 969 2746 1045 2794; x_wconf 90' lang='lat' dir='ltr'>quum</span> <span class='ocrx_word' id='word_1_258' title='bbox 1056 2734 1383 2795; x_wconf 87' lang='lat' dir='ltr'>praesertimeosinitioiam</span> <span class='ocrx_word' id='word_1_259' title='bbox 1391 2738 1504 2800; x_wconf 80' lang='lat' dir='ltr'>castigas·</span> 
     </span>
     <span class='ocr_line' id='line_1_40' title="bbox 968 2811 1503 2876; baseline 0.004 -17"><span class='ocrx_word' id='word_1_260' title='bbox 968 2813 1121 2860; x_wconf 82' lang='lat' dir='ltr'>set-Crassus</span> <span class='ocrx_word' id='word_1_261' title='bbox 1129 2811 1154 2876; x_wconf 86' lang='lat'>(5</span> <span class='ocrx_word' id='word_1_262' title='bbox 1163 2816 1203 2870; x_wconf 82' lang='grc'>54,</span> <span class='ocrx_word' id='word_1_263' title='bbox 1213 2817 1446 2874; x_wconf 75' lang='lat' dir='ltr'>qrmreomaeetatos</span> <span class='ocrx_word' id='word_1_264' title='bbox 1453 2815 1503 2876; x_wconf 89' lang='grc'>-).</span> 
     </span>
     <span class='ocr_line' id='line_1_41' title="bbox 968 2890 1504 2952; baseline 0.006 -15"><span class='ocrx_word' id='word_1_265' title='bbox 968 2891 1021 2937; x_wconf 91' lang='lat' dir='ltr'>Nec</span> <span class='ocrx_word' id='word_1_266' title='bbox 1041 2904 1100 2938; x_wconf 89' lang='lat' dir='ltr'>sane</span> <span class='ocrx_word' id='word_1_267' title='bbox 1120 2890 1293 2952; x_wconf 81' lang='lat' dir='ltr'>postulabatur</span> <span class='ocrx_word' id='word_1_268' title='bbox 1306 2907 1375 2940; x_wconf 86' lang='lat' dir='ltr'>nune</span> <span class='ocrx_word' id='word_1_269' title='bbox 1388 2893 1504 2940; x_wconf 88' lang='lat' dir='ltr'>eiusmodi</span> 
     </span>
     <span class='ocr_line' id='line_1_42' title="bbox 967 2968 1501 3032; baseline 0.006 -17"><span class='ocrx_word' id='word_1_270' title='bbox 967 2968 1100 3030; x_wconf 87' lang='lat' dir='ltr'>descriptio</span> <span class='ocrx_word' id='word_1_271' title='bbox 1111 2969 1169 3018; x_wconf 89' lang='lat' dir='ltr'>artis</span> <span class='ocrx_word' id='word_1_272' title='bbox 1175 2969 1323 3028; x_wconf 89' lang='lat' dir='ltr'>rhetoricae,</span> <span class='ocrx_word' id='word_1_273' title='bbox 1337 2985 1501 3032; x_wconf 84' lang='lat' dir='ltr'>mancaprae·</span> 
     </span>
     <span class='ocr_line' id='line_1_43' title="bbox 968 3046 1503 3108; baseline 0.002 -15"><span class='ocrx_word' id='word_1_274' title='bbox 968 3046 1067 3104; x_wconf 87' lang='lat' dir='ltr'>sertim,</span> <span class='ocrx_word' id='word_1_275' title='bbox 1089 3061 1135 3094; x_wconf 88' lang='lat' dir='ltr'>nee</span> <span class='ocrx_word' id='word_1_276' title='bbox 1156 3048 1308 3096; x_wconf 83' lang='lat' dir='ltr'>conferenda</span> <span class='ocrx_word' id='word_1_277' title='bbox 1328 3063 1386 3096; x_wconf 90' lang='lat' dir='ltr'>cnm</span> <span class='ocrx_word' id='word_1_278' title='bbox 1399 3063 1440 3105; x_wconf 88' lang='lat' dir='ltr'>ea,</span> <span class='ocrx_word' id='word_1_279' title='bbox 1454 3063 1503 3108; x_wconf 85' lang='lat' dir='ltr'>qua</span> 
     </span>
     <span class='ocr_line' id='line_1_44' title="bbox 968 3123 1502 3184; baseline 0.002 -11"><span class='ocrx_word' id='word_1_280' title='bbox 968 3123 1120 3173; x_wconf 83' lang='lat' dir='ltr'>Charmadas</span> <span class='ocrx_word' id='word_1_281' title='bbox 1139 3140 1198 3174; x_wconf 90' lang='lat' dir='ltr'>usus</span> <span class='ocrx_word' id='word_1_282' title='bbox 1218 3126 1323 3183; x_wconf 89' lang='lat' dir='ltr'>dicitur,</span> <span class='ocrx_word' id='word_1_283' title='bbox 1345 3128 1367 3175; x_wconf 89' lang='lat' dir='ltr'>I.</span> <span class='ocrx_word' id='word_1_284' title='bbox 1390 3132 1402 3184; x_wconf 91' lang='lat'><strong>5</strong></span> <span class='ocrx_word' id='word_1_285' title='bbox 1420 3129 1461 3182; x_wconf 86' lang='lat'>86,</span> <span class='ocrx_word' id='word_1_286' title='bbox 1474 3133 1502 3174; x_wconf 89' lang='lat' dir='ltr'>et</span> 
     </span>
     <span class='ocr_line' id='line_1_45' title="bbox 966 3201 1500 3263; baseline 0.002 -15"><span class='ocrx_word' id='word_1_287' title='bbox 966 3201 1019 3263; x_wconf 90' lang='lat' dir='ltr'>ipse</span> <span class='ocrx_word' id='word_1_288' title='bbox 1032 3203 1155 3252; x_wconf 83' lang='lat' dir='ltr'>Antonius</span> <span class='ocrx_word' id='word_1_289' title='bbox 1168 3219 1227 3252; x_wconf 90' lang='lat' dir='ltr'>usus</span> <span class='ocrx_word' id='word_1_290' title='bbox 1241 3209 1310 3262; x_wconf 90' lang='lat' dir='ltr'>erat,</span> <span class='ocrx_word' id='word_1_291' title='bbox 1327 3205 1363 3251; x_wconf 93' lang='grc'>11.</span> <span class='ocrx_word' id='word_1_292' title='bbox 1380 3210 1392 3263; x_wconf 97' lang='lat'><strong>5</strong></span> <span class='ocrx_word' id='word_1_293' title='bbox 1407 3205 1445 3261; x_wconf 88' lang='grc'>77,</span> <span class='ocrx_word' id='word_1_294' title='bbox 1459 3203 1500 3251; x_wconf 87' lang='lat' dir='ltr'>ubi</span> 
     </span>
     <span class='ocr_line' id='line_1_46' title="bbox 967 3281 1500 3342; baseline 0.006 -15"><span class='ocrx_word' id='word_1_295' title='bbox 967 3295 1018 3328; x_wconf 85' lang='lat' dir='ltr'>non</span> <span class='ocrx_word' id='word_1_296' title='bbox 1037 3281 1085 3342; x_wconf 87' lang='lat' dir='ltr'>ipsi</span> <span class='ocrx_word' id='word_1_297' title='bbox 1103 3283 1231 3340; x_wconf 85' lang='lat' dir='ltr'>rhetores,</span> <span class='ocrx_word' id='word_1_298' title='bbox 1252 3282 1297 3331; x_wconf 87' lang='lat' dir='ltr'>sed</span> <span class='ocrx_word' id='word_1_299' title='bbox 1317 3285 1396 3331; x_wconf 90' lang='lat' dir='ltr'>multo</span> <span class='ocrx_word' id='word_1_300' title='bbox 1415 3283 1500 3330; x_wconf 85' lang='lat' dir='ltr'>melius</span> 
     </span>
     <span class='ocr_line' id='line_1_47' title="bbox 967 3361 1497 3432; baseline 0.002 -27"><span class='ocrx_word' id='word_1_301' title='bbox 967 3373 1051 3406; x_wconf 88' lang='lat' dir='ltr'>eorum</span> <span class='ocrx_word' id='word_1_302' title='bbox 1063 3361 1176 3408; x_wconf 85' lang='lat' dir='ltr'>doctrina</span> <span class='ocrx_word' id='word_1_303' title='bbox 1182 3362 1340 3432; x_wconf 59' lang='lat' dir='ltr'>perridicula</span> <span class='ocrx_word' id='word_1_304' title='bbox 1347 3361 1497 3410; x_wconf 85' lang='lat' dir='ltr'>essedicitur.</span> 
     </span>
     <span class='ocr_line' id='line_1_48' title="bbox 966 3436 1402 3501; baseline 0.002 -17"><span class='ocrx_word' id='word_1_305' title='bbox 966 3437 1016 3484; x_wconf 88' lang='lat' dir='ltr'>Sed</span> <span class='ocrx_word' id='word_1_306' title='bbox 1029 3436 1060 3485; x_wconf 90' lang='lat' dir='ltr'>ab</span> <span class='ocrx_word' id='word_1_307' title='bbox 1073 3438 1143 3486; x_wconf 86' lang='lat' dir='ltr'>initio</span> <span class='ocrx_word' id='word_1_308' title='bbox 1156 3439 1255 3501; x_wconf 87' lang='lat' dir='ltr'>singula</span> <span class='ocrx_word' id='word_1_309' title='bbox 1267 3440 1402 3488; x_wconf 87' lang='lat' dir='ltr'>videamus.</span> 
     </span>
     <span class='ocr_line' id='line_1_49' title="bbox 1000 3515 1496 3578; baseline 0.002 -17"><span class='ocrx_word' id='word_1_310' title='bbox 1000 3515 1496 3578; x_wconf 66' lang='lat' dir='ltr'>quarelamqoodcompteetor-AEadem</span> 
     </span>
     <span class='ocr_line' id='line_1_50' title="bbox 965 3592 1494 3654; baseline 0 -15"><span class='ocrx_word' id='word_1_311' title='bbox 965 3592 1140 3654; x_wconf 87' lang='lat' dir='ltr'>deprecatione</span> <span class='ocrx_word' id='word_1_312' title='bbox 1154 3594 1202 3642; x_wconf 85' lang='lat' dir='ltr'>iam</span> <span class='ocrx_word' id='word_1_313' title='bbox 1217 3595 1422 3650; x_wconf 87' lang='lat' dir='ltr'>ususeratmodo,</span> <span class='ocrx_word' id='word_1_314' title='bbox 1437 3594 1494 3652; x_wconf 80' lang='lat'><strong>574.</strong></span> 
     </span>
    </p>
   </div>
   <div class='ocr_carea' id='block_1_7' title="bbox 365 3671 1497 4600">
    <p class='ocr_par' dir='ltr' id='par_1_10' title="bbox 365 3671 1497 4600">
     <span class='ocr_line' id='line_1_51' title="bbox 378 3671 1497 3732; baseline -0.004 -11"><span class='ocrx_word' id='word_1_315' title='bbox 378 3673 432 3731; x_wconf 90' lang='lat' dir='ltr'>cio,</span> <span class='ocrx_word' id='word_1_316' title='bbox 467 3677 546 3722; x_wconf 90' lang='lat' dir='ltr'>totum</span> <span class='ocrx_word' id='word_1_317' title='bbox 577 3673 645 3720; x_wconf 88' lang='lat' dir='ltr'>hunc</span> <span class='ocrx_word' id='word_1_318' title='bbox 675 3673 758 3721; x_wconf 90' lang='lat' dir='ltr'>locum</span> <span class='ocrx_word' id='word_1_319' title='bbox 789 3671 916 3720; x_wconf 87' lang='lat' dir='ltr'>turbatum</span> <span class='ocrx_word' id='word_1_320' title='bbox 998 3671 1063 3732; x_wconf 79' lang='lat' dir='ltr'>quod</span> <span class='ocrx_word' id='word_1_321' title='bbox 1087 3676 1235 3732; x_wconf 84' lang='lat' dir='ltr'>complector</span> <span class='ocrx_word' id='word_1_322' title='bbox 1258 3675 1357 3720; x_wconf 80' lang='lat' dir='ltr'>tantam</span> <span class='ocrx_word' id='word_1_323' title='bbox 1374 3673 1497 3721; x_wconf 73' lang='lat' dir='ltr'>scientim</span> 
     </span>
     <span class='ocr_line' id='line_1_52' title="bbox 378 3750 1494 3812; baseline -0.004 -12"><span class='ocrx_word' id='word_1_324' title='bbox 378 3765 440 3800; x_wconf 85' lang='lat' dir='ltr'>esse.</span> <span class='ocrx_word' id='word_1_325' title='bbox 469 3751 586 3812; x_wconf 82' lang='lat' dir='ltr'>Syntexin</span> <span class='ocrx_word' id='word_1_326' title='bbox 602 3765 673 3808; x_wconf 88' lang='lat' dir='ltr'>sane,</span> <span class='ocrx_word' id='word_1_327' title='bbox 689 3751 720 3798; x_wconf 92' lang='lat' dir='ltr'>de</span> <span class='ocrx_word' id='word_1_328' title='bbox 734 3765 782 3812; x_wconf 91' lang='lat' dir='ltr'>qua</span> <span class='ocrx_word' id='word_1_329' title='bbox 796 3755 855 3798; x_wconf 85' lang='lat' dir='ltr'>ante</span> <span class='ocrx_word' id='word_1_330' title='bbox 868 3751 914 3798; x_wconf 90' lang='lat' dir='ltr'>du·</span> <span class='ocrx_word' id='word_1_331' title='bbox 963 3750 1198 3811; x_wconf 73' lang='lat' dir='ltr'>vmqaedoeasme</span> <span class='ocrx_word' id='word_1_332' title='bbox 1210 3778 1253 3799; x_wconf 88' lang='lat'>—.</span> <span class='ocrx_word' id='word_1_333' title='bbox 1289 3754 1321 3801; x_wconf 92' lang='grc' dir='ltr'>Η.</span> <span class='ocrx_word' id='word_1_334' title='bbox 1336 3753 1354 3798; x_wconf 93' lang='grc'>1.</span> <span class='ocrx_word' id='word_1_335' title='bbox 1366 3765 1422 3799; x_wconf 87' lang='lat' dir='ltr'>sane</span> <span class='ocrx_word' id='word_1_336' title='bbox 1433 3764 1494 3796; x_wconf 84' lang='lat' dir='ltr'>com·</span> 
     </span>
     <span class='ocr_line' id='line_1_53' title="bbox 376 3827 1495 3890; baseline -0.002 -14"><span class='ocrx_word' id='word_1_337' title='bbox 376 3827 498 3887; x_wconf 89' lang='lat' dir='ltr'>bitabam,</span> <span class='ocrx_word' id='word_1_338' title='bbox 513 3843 580 3877; x_wconf 90' lang='lat' dir='ltr'>nunc</span> <span class='ocrx_word' id='word_1_339' title='bbox 593 3829 733 3890; x_wconf 85' lang='lat' dir='ltr'>perspicere</span> <span class='ocrx_word' id='word_1_340' title='bbox 747 3828 807 3875; x_wconf 89' lang='lat' dir='ltr'>mihi</span> <span class='ocrx_word' id='word_1_341' title='bbox 818 3828 914 3885; x_wconf 85' lang='lat' dir='ltr'>videor,</span> <span class='ocrx_word' id='word_1_342' title='bbox 958 3828 1038 3888; x_wconf 82' lang='lat' dir='ltr'>plecti</span> <span class='ocrx_word' id='word_1_343' title='bbox 1050 3842 1102 3877; x_wconf 87' lang='lat' dir='ltr'>non</span> <span class='ocrx_word' id='word_1_344' title='bbox 1113 3843 1143 3877; x_wconf 90' lang='lat' dir='ltr'>eo</span> <span class='ocrx_word' id='word_1_345' title='bbox 1157 3829 1231 3877; x_wconf 90' lang='lat' dir='ltr'>modo</span> <span class='ocrx_word' id='word_1_346' title='bbox 1245 3829 1350 3886; x_wconf 88' lang='lat' dir='ltr'>dicitur,</span> <span class='ocrx_word' id='word_1_347' title='bbox 1367 3834 1391 3876; x_wconf 91' lang='lat' dir='ltr'>ut</span> <span class='ocrx_word' id='word_1_348' title='bbox 1404 3829 1424 3876; x_wconf 92' lang='lat' dir='ltr'>l.</span> <span class='ocrx_word' id='word_1_349' title='bbox 1437 3831 1447 3884; x_wconf 92' lang='lat'><strong>5</strong></span> <span class='ocrx_word' id='word_1_350' title='bbox 1460 3827 1495 3874; x_wconf 81' lang='grc'>76</span> 
     </span>
     <span class='ocr_line' id='line_1_54' title="bbox 378 3901 1495 3969; baseline -0.004 -15"><span class='ocrx_word' id='word_1_351' title='bbox 378 3909 472 3969; x_wconf 88' lang='lat' dir='ltr'>eritque</span> <span class='ocrx_word' id='word_1_352' title='bbox 489 3901 563 3969; x_wconf 74' lang='lat' dir='ltr'>atque</span> <span class='ocrx_word' id='word_1_353' title='bbox 577 3910 663 3956; x_wconf 84' lang='lat' dir='ltr'>contra</span> <span class='ocrx_word' id='word_1_354' title='bbox 677 3907 719 3954; x_wconf 75' lang='lat' dir='ltr'>lice</span> <span class='ocrx_word' id='word_1_355' title='bbox 732 3920 822 3954; x_wconf 82' lang='lat' dir='ltr'>omnes.</span> <span class='ocrx_word' id='word_1_356' title='bbox 841 3907 915 3965; x_wconf 85' lang='lat' dir='ltr'>Quod</span> <span class='ocrx_word' id='word_1_357' title='bbox 963 3910 988 3954; x_wconf 90' lang='lat' dir='ltr'>et</span> <span class='ocrx_word' id='word_1_358' title='bbox 1003 3906 1042 3964; x_wconf 89' lang='grc'>77,</span> <span class='ocrx_word' id='word_1_359' title='bbox 1061 3907 1092 3957; x_wconf 92' lang='lat' dir='ltr'>de</span> <span class='ocrx_word' id='word_1_360' title='bbox 1106 3922 1144 3963; x_wconf 90' lang='lat' dir='ltr'>eo,</span> <span class='ocrx_word' id='word_1_361' title='bbox 1160 3907 1202 3968; x_wconf 93' lang='lat' dir='ltr'>qui</span> <span class='ocrx_word' id='word_1_362' title='bbox 1213 3912 1285 3956; x_wconf 85' lang='lat' dir='ltr'>tenet</span> <span class='ocrx_word' id='word_1_363' title='bbox 1298 3909 1352 3969; x_wconf 86' lang='lat' dir='ltr'>ipsa</span> <span class='ocrx_word' id='word_1_364' title='bbox 1365 3912 1389 3956; x_wconf 85' lang='lat' dir='ltr'>et</span> <span class='ocrx_word' id='word_1_365' title='bbox 1401 3917 1495 3953; x_wconf 77' lang='lat' dir='ltr'>maecu-</span> 
     </span>
     <span class='ocr_line' id='line_1_55' title="bbox 365 3973 1493 4048; baseline -0.003 -15"><span class='ocrx_word' id='word_1_366' title='bbox 365 3973 487 4033; x_wconf 84' lang='lat' dir='ltr'>¹noudum</span> <span class='ocrx_word' id='word_1_367' title='bbox 509 3985 644 4048; x_wconf 88' lang='lat' dir='ltr'>perspicio,</span> <span class='ocrx_word' id='word_1_368' title='bbox 666 3985 714 4033; x_wconf 88' lang='lat' dir='ltr'>hoc</span> <span class='ocrx_word' id='word_1_369' title='bbox 729 3989 780 4042; x_wconf 91' lang='lat' dir='ltr'>est,</span> <span class='ocrx_word' id='word_1_370' title='bbox 795 3984 856 4044; x_wconf 89' lang='lat' dir='ltr'>quid</span> <span class='ocrx_word' id='word_1_371' title='bbox 868 3984 915 4032; x_wconf 90' lang='lat' dir='ltr'>ista</span> <span class='ocrx_word' id='word_1_372' title='bbox 962 3988 1002 4032; x_wconf 88' lang='lat' dir='ltr'>tus</span> <span class='ocrx_word' id='word_1_373' title='bbox 1022 3989 1073 4043; x_wconf 85' lang='lat' dir='ltr'>est,</span> <span class='ocrx_word' id='word_1_374' title='bbox 1092 3986 1156 4033; x_wconf 91' lang='lat' dir='ltr'>sicut</span> <span class='ocrx_word' id='word_1_375' title='bbox 1169 3987 1386 4046; x_wconf 78' lang='lat' dir='ltr'>comprehendere,</span> <span class='ocrx_word' id='word_1_376' title='bbox 1399 3985 1419 4032; x_wconf 91' lang='grc' dir='ltr'>Ι.</span> <span class='ocrx_word' id='word_1_377' title='bbox 1433 3987 1444 4040; x_wconf 93' lang='lat'><strong>5</strong></span> <span class='ocrx_word' id='word_1_378' title='bbox 1459 3982 1493 4030; x_wconf 85' lang='grc'>17</span> 
     </span>
     <span class='ocr_line' id='line_1_56' title="bbox 375 4059 1495 4126; baseline -0.004 -14"><span class='ocrx_word' id='word_1_379' title='bbox 375 4064 503 4113; x_wconf 87' lang='lat' dir='ltr'>rhetorum</span> <span class='ocrx_word' id='word_1_380' title='bbox 523 4063 650 4126; x_wconf 83' lang='lat' dir='ltr'>castigatio</span> <span class='ocrx_word' id='word_1_381' title='bbox 670 4064 793 4124; x_wconf 86' lang='lat' dir='ltr'>pertineat</span> <span class='ocrx_word' id='word_1_382' title='bbox 813 4063 913 4111; x_wconf 88' lang='lat' dir='ltr'>adeam</span> <span class='ocrx_word' id='word_1_383' title='bbox 962 4069 988 4110; x_wconf 84' lang='lat' dir='ltr'>et</span> <span class='ocrx_word' id='word_1_384' title='bbox 1008 4064 1053 4120; x_wconf 85' lang='lat' dir='ltr'>ao;</span> <span class='ocrx_word' id='word_1_385' title='bbox 1073 4064 1117 4110; x_wconf 87' lang='lat' dir='ltr'>sed</span> <span class='ocrx_word' id='word_1_386' title='bbox 1137 4063 1163 4110; x_wconf 92' lang='lat' dir='ltr'>in</span> <span class='ocrx_word' id='word_1_387' title='bbox 1184 4065 1329 4113; x_wconf 83' lang='lat' dir='ltr'>definitione</span> <span class='ocrx_word' id='word_1_388' title='bbox 1349 4068 1373 4112; x_wconf 87' lang='lat' dir='ltr'>et</span> <span class='ocrx_word' id='word_1_389' title='bbox 1388 4059 1495 4120; x_wconf 83' lang='lat' dir='ltr'>descrip-</span> 
     </span>
     <span class='ocr_line' id='line_1_57' title="bbox 375 4138 1493 4204; baseline 0.004 -14"><span class='ocrx_word' id='word_1_390' title='bbox 375 4143 582 4204; x_wconf 76' lang='lat' dir='ltr'>disputationem,</span> <span class='ocrx_word' id='word_1_391' title='bbox 603 4143 628 4189; x_wconf 87' lang='lat' dir='ltr'>in</span> <span class='ocrx_word' id='word_1_392' title='bbox 649 4156 697 4202; x_wconf 89' lang='lat' dir='ltr'>qua</span> <span class='ocrx_word' id='word_1_393' title='bbox 717 4155 784 4188; x_wconf 90' lang='lat' dir='ltr'>nunc</span> <span class='ocrx_word' id='word_1_394' title='bbox 800 4147 913 4190; x_wconf 86' lang='lat' dir='ltr'>versatur</span> <span class='ocrx_word' id='word_1_395' title='bbox 961 4140 1045 4198; x_wconf 86' lang='lat' dir='ltr'>tione,</span> <span class='ocrx_word' id='word_1_396' title='bbox 1058 4146 1087 4188; x_wconf 91' lang='lat' dir='ltr'>ut</span> <span class='ocrx_word' id='word_1_397' title='bbox 1099 4141 1177 4198; x_wconf 86' lang='lat' dir='ltr'>infra,</span> <span class='ocrx_word' id='word_1_398' title='bbox 1192 4147 1206 4201; x_wconf 90' lang='lat'><strong>5</strong></span> <span class='ocrx_word' id='word_1_399' title='bbox 1222 4144 1269 4191; x_wconf 82' lang='lat'>126</span> <span class='ocrx_word' id='word_1_400' title='bbox 1284 4149 1310 4191; x_wconf 88' lang='lat' dir='ltr'>et</span> <span class='ocrx_word' id='word_1_401' title='bbox 1322 4145 1381 4200; x_wconf 83' lang='grc'><strong>145,</strong></span> <span class='ocrx_word' id='word_1_402' title='bbox 1394 4146 1450 4194; x_wconf 68' lang='lat' dir='ltr'>tum,</span> <span class='ocrx_word' id='word_1_403' title='bbox 1468 4138 1493 4184; x_wconf 84' lang='grc' dir='ltr'>Ῑ·</span> 
     </span>
     <span class='ocr_line' id='line_1_58' title="bbox 376 4219 1491 4282; baseline -0.001 -14"><span class='ocrx_word' id='word_1_404' title='bbox 376 4222 486 4269; x_wconf 86' lang='lat' dir='ltr'>Crassus.</span> <span class='ocrx_word' id='word_1_405' title='bbox 520 4219 694 4280; x_wconf 81' lang='lat' dir='ltr'>Descripturus</span> <span class='ocrx_word' id='word_1_406' title='bbox 718 4223 771 4267; x_wconf 87' lang='lat' dir='ltr'>erat</span> <span class='ocrx_word' id='word_1_407' title='bbox 791 4233 913 4266; x_wconf 88' lang='lat' dir='ltr'>summam</span> <span class='ocrx_word' id='word_1_408' title='bbox 962 4220 1020 4276; x_wconf 84' lang='lat'>519</span> <span class='ocrx_word' id='word_1_409' title='bbox 1034 4225 1060 4267; x_wconf 89' lang='lat' dir='ltr'>et</span> <span class='ocrx_word' id='word_1_410' title='bbox 1074 4221 1104 4268; x_wconf 84' lang='grc'>64</span> <span class='ocrx_word' id='word_1_411' title='bbox 1120 4225 1146 4268; x_wconf 89' lang='lat' dir='ltr'>et</span> <span class='ocrx_word' id='word_1_412' title='bbox 1160 4221 1201 4268; x_wconf 83' lang='grc'>86.</span> <span class='ocrx_word' id='word_1_413' title='bbox 1219 4221 1269 4269; x_wconf 88' lang='lat' dir='ltr'>Sed</span> <span class='ocrx_word' id='word_1_414' title='bbox 1281 4233 1421 4282; x_wconf 86' lang='lat' dir='ltr'>quamquam</span> <span class='ocrx_word' id='word_1_415' title='bbox 1430 4228 1491 4277; x_wconf 78' lang='lat' dir='ltr'>pro·</span> 
     </span>
     <span class='ocr_line' id='line_1_59' title="bbox 373 4293 1494 4359; baseline 0.002 -13"><span class='ocrx_word' id='word_1_416' title='bbox 373 4298 442 4346; x_wconf 85' lang='lat' dir='ltr'>illam</span> <span class='ocrx_word' id='word_1_417' title='bbox 456 4297 506 4346; x_wconf 89' lang='lat' dir='ltr'>vim</span> <span class='ocrx_word' id='word_1_418' title='bbox 521 4298 692 4358; x_wconf 84' lang='lat' dir='ltr'>eloquentiae,</span> <span class='ocrx_word' id='word_1_419' title='bbox 708 4311 780 4358; x_wconf 91' lang='lat' dir='ltr'>quam</span> <span class='ocrx_word' id='word_1_420' title='bbox 795 4299 913 4344; x_wconf 81' lang='lat' dir='ltr'>virtutem</span> <span class='ocrx_word' id='word_1_421' title='bbox 960 4294 1014 4344; x_wconf 87' lang='lat' dir='ltr'>bari</span> <span class='ocrx_word' id='word_1_422' title='bbox 1026 4302 1108 4358; x_wconf 81' lang='lat' dir='ltr'>potest</span> <span class='ocrx_word' id='word_1_423' title='bbox 1121 4299 1188 4359; x_wconf 90' lang='lat' dir='ltr'>quod</span> <span class='ocrx_word' id='word_1_424' title='bbox 1201 4298 1292 4348; x_wconf 85' lang='lat' dir='ltr'>dicitur</span> <span class='ocrx_word' id='word_1_425' title='bbox 1303 4293 1494 4348; x_wconf 64' lang='lat' dir='ltr'>rarescentis.</span> 
     </span>
     <span class='ocr_line' id='line_1_60' title="bbox 373 4372 1493 4438; baseline 0.002 -14"><span class='ocrx_word' id='word_1_426' title='bbox 373 4375 516 4438; x_wconf 85' lang='lat' dir='ltr'>appellabat</span> <span class='ocrx_word' id='word_1_427' title='bbox 541 4390 615 4424; x_wconf 83' lang='lat' dir='ltr'>unam</span> <span class='ocrx_word' id='word_1_428' title='bbox 636 4377 665 4423; x_wconf 87' lang='lat' dir='ltr'>de</span> <span class='ocrx_word' id='word_1_429' title='bbox 684 4375 785 4422; x_wconf 82' lang='lat' dir='ltr'>summis</span> <span class='ocrx_word' id='word_1_430' title='bbox 805 4377 831 4438; x_wconf 91' lang='lat'>(5</span> <span class='ocrx_word' id='word_1_431' title='bbox 854 4373 912 4434; x_wconf 78' lang='lat'>55),</span> <span class='ocrx_word' id='word_1_432' title='bbox 959 4389 1006 4436; x_wconf 92' lang='lat' dir='ltr'>pro</span> <span class='ocrx_word' id='word_1_433' title='bbox 1028 4376 1111 4423; x_wconf 82' lang='lat' dir='ltr'>tutet</span> <span class='ocrx_word' id='word_1_434' title='bbox 1131 4378 1260 4424; x_wconf 77' lang='lat' dir='ltr'>tantarum</span> <span class='ocrx_word' id='word_1_435' title='bbox 1279 4391 1364 4426; x_wconf 80' lang='lat' dir='ltr'>rerum</span> <span class='ocrx_word' id='word_1_436' title='bbox 1378 4372 1493 4426; x_wconf 69' lang='lat' dir='ltr'>scientia»</span> 
     </span>
     <span class='ocr_line' id='line_1_61' title="bbox 373 4453 1493 4518; baseline -0.001 -16"><span class='ocrx_word' id='word_1_437' title='bbox 373 4469 495 4516; x_wconf 87' lang='lat' dir='ltr'>quamque</span> <span class='ocrx_word' id='word_1_438' title='bbox 521 4456 598 4518; x_wconf 83' lang='lat' dir='ltr'>longa</span> <span class='ocrx_word' id='word_1_439' title='bbox 623 4458 649 4502; x_wconf 88' lang='lat' dir='ltr'>et</span> <span class='ocrx_word' id='word_1_440' title='bbox 668 4454 741 4502; x_wconf 86' lang='lat' dir='ltr'>docta</span> <span class='ocrx_word' id='word_1_441' title='bbox 761 4453 913 4516; x_wconf 79' lang='lat' dir='ltr'>digressione</span> <span class='ocrx_word' id='word_1_442' title='bbox 960 4454 1110 4515; x_wconf 76' lang='lat' dir='ltr'>meliusque,</span> <span class='ocrx_word' id='word_1_443' title='bbox 1130 4455 1152 4502; x_wconf 94' lang='lat' dir='ltr'>I.</span> <span class='ocrx_word' id='word_1_444' title='bbox 1169 4459 1242 4513; x_wconf 78' lang='lat'>544,</span> <span class='ocrx_word' id='word_1_445' title='bbox 1258 4457 1296 4504; x_wconf 81' lang='lat' dir='ltr'>tot</span> <span class='ocrx_word' id='word_1_446' title='bbox 1309 4455 1493 4514; x_wconf 63' lang='lat' dir='ltr'>tammum</span> 
     </span>
     <span class='ocr_line' id='line_1_62' title="bbox 373 4525 1493 4600; baseline -0.004 -22"><span class='ocrx_word' id='word_1_447' title='bbox 373 4528 443 4596; x_wconf 88' lang='lat' dir='ltr'>(inde</span> <span class='ocrx_word' id='word_1_448' title='bbox 458 4537 499 4600; x_wconf 28' lang='lat' dir='ltr'>a¹5</span> <span class='ocrx_word' id='word_1_449' title='bbox 515 4531 912 4596; x_wconf 84' lang='lat' dir='ltr'>56)dem0nstraveratspudve·</span> <span class='ocrx_word' id='word_1_450' title='bbox 954 4531 1054 4594; x_wconf 78' lang='lat' dir='ltr'>fitendc</span> <span class='ocrx_word' id='word_1_451' title='bbox 1080 4547 1129 4581; x_wconf 79' lang='lat' dir='ltr'>non</span> <span class='ocrx_word' id='word_1_452' title='bbox 1156 4547 1253 4592; x_wconf 82' lang='lat' dir='ltr'>censeo,</span> <span class='ocrx_word' id='word_1_453' title='bbox 1274 4533 1385 4595; x_wconf 87' lang='lat' dir='ltr'>quoniam</span> <span class='ocrx_word' id='word_1_454' title='bbox 1403 4525 1493 4575; x_wconf 84' lang='lat' dir='ltr'>eodem</span> 
     </span>
    </p>
   </div>
   <div class='ocr_carea' id='block_1_8' title="bbox 0 0 1626 5499">
    <p class='ocr_par' dir='ltr' id='par_1_11' title="bbox 0 0 1626 5499">
     <span class='ocr_line' id='line_1_63' title="bbox 0 0 1626 5499; baseline 0 0"><span class='ocrx_word' id='word_1_455' title='bbox 0 0 1626 5499; x_wconf 95' lang='lat' dir='ltr'> </span> 
     </span>
    </p>
   </div>
  </div>
 </body>
</html>
