3242 5500
398 553 468 622 aot
710 571 824 621 nisan.
851 571 1051 620 sucnnnus.
1081 553 1099 634 §
1126 552 1206 622 199.

397 769 512 841 neque
548 769 648 840 reges
677 769 721 816 ex
745 744 809 815 hac
834 743 970 815 civitate
994 744 1109 840 exigi,
1135 768 1251 839 neque
1272 741 1430 815 tribunos
1445 743 1504 839 ple·

397 852 452 926 bis
484 854 612 940 creari,
648 878 763 950 neque
785 851 976 948 plebiscitis
1000 853 1101 925 toties
1125 853 1344 926 consularem
1369 861 1503 948 potesta·

396 972 466 1035 tem
501 963 633 1048 minui,
668 987 783 1060 neque
815 962 1115 1058 provocationem,
1147 971 1330 1059 patronam
1355 963 1448 1035 illam
1468 964 1504 1034 ci·

396 1074 514 1145 vitatis
539 1097 578 1144 ac
602 1073 776 1145 vindicem
801 1072 994 1157 libertatis,
1021 1072 1152 1168 populo
1177 1073 1337 1176 Romarm
1356 1071 1428 1144 dari
1445 1073 1505 1144 sine

397 1181 570 1253 nobilium
607 1182 825 1254 dissensione
861 1182 1035 1276 potuisse:
1075 1206 1134 1268 ao,
1170 1182 1199 1253 si
1227 1181 1308 1253 illae
1334 1182 1505 1254 seditiones

397 1291 500 1364 saluti
527 1291 608 1364 huic
631 1291 765 1363 civitati
789 1291 958 1376 fuissent,
985 1315 1057 1363 non
1081 1291 1269 1377 continuo,
1296 1291 1326 1364 si
1351 1292 1430 1387 quis
1444 1315 1504 1362 mc·

397 1411 455 1473 tus
471 1401 593 1497 populi
607 1402 719 1472 sactus
732 1407 838 1486 esset,
859 1400 896 1471 id
910 1400 950 1472 C.
968 1399 1134 1473 Norbano
1155 1396 1209 1496 [in
1228 1402 1360 1473 nefario
1378 1401 1505 1487 crimine

396 1505 519 1606 atque]
567 1510 602 1581 in
649 1509 772 1581 fraude
808 1509 949 1606 capitali
987 1533 1062 1581 esse
1098 1510 1321 1606 ponendum:
1362 1510 1452 1607 quod
1483 1509 1505 1580 si

397 1644 564 1715 nmquam
607 1619 738 1716 populo
780 1619 942 1691 Romano
980 1642 1184 1692 concessum
1220 1627 1332 1707 esset,
1371 1628 1412 1692 ut
1443 1619 1505 1690 iure

396 1729 591 1802 concitatus
615 1729 792 1801 videretur
821 1728 872 1814 (id
894 1728 991 1824 quod
1015 1728 1182 1802 docebam
1208 1753 1311 1826 saepe
1339 1754 1414 1801 esse
1437 1752 1503 1800 con·

396 1842 572 1924 cessum),
610 1838 743 1910 nullam
779 1837 840 1909 illa
876 1863 1017 1910 causam
1053 1839 1232 1910 iustiorem
1257 1839 1378 1912 fuisse.
1429 1839 1504 1909 Tum

395 1973 537 2022 omnem
569 1948 760 2019 orationem
795 1947 934 2019 traduxi
967 1954 1000 2020 et
1030 1949 1183 2020 converti
1207 1949 1244 2019 in
1270 1947 1504 2044 increpandam

397 2059 583 2154 Caepionis
609 2058 749 2151 fugam,
776 2057 813 2127 in
842 2056 1097 2152 deplorandum
1122 2057 1302 2129 interitum
1328 2058 1503 2130 exercitus:

397 2171 446 2242 sic
482 2177 516 2240 et
552 2191 673 2238 eorum
710 2166 886 2252 dolorem,
925 2167 987 2262 qui
1024 2165 1193 2263 lugebant
1227 2192 1330 2254 suos,
1365 2167 1504 2240 oratione
1594 2209 1595 2214 κ

396 2277 621 2363 refricabam,
647 2285 681 2348 et
699 2277 835 2348 animos
853 2276 1011 2372 equitum
1030 2277 1286 2363 Romanorum,
1314 2277 1411 2372 apud
1431 2300 1504 2372 quos

397 2397 473 2460 tum
497 2381 662 2483 [iudices]
685 2410 789 2457 causa
812 2384 1002 2480 agebatur,
1029 2385 1074 2457 ad
1100 2387 1146 2462 Q.
1172 2386 1360 2483 Caepionis
1376 2386 1503 2468 odium,

396 2524 416 2570 a
440 2521 510 2593 quo
533 2504 632 2567 erant
656 2495 724 2591 ipsi
749 2503 890 2592 propter
914 2494 1044 2567 iudicia
1064 2494 1269 2582 abalienati,
1296 2495 1502 2568 renovabam.

323 2606 370 2673 49
398 2607 504 2684 Quod
540 2605 602 2677 nbi
639 2605 731 2676 sensi
765 2629 822 2675 me
857 2606 893 2675 in
932 2605 1149 2700 possessione
1179 2605 1299 2677 iudicii
1334 2631 1375 2679 ac
1399 2605 1503 2677 defen·

323 2716 504 2789 torsionis
537 2739 633 2787 meae
665 2713 884 2800 constitisse,
912 2714 1006 2811 quod
1035 2723 1070 2787 et
1093 2715 1216 2811 populi
1240 2714 1504 2788 benevolentiam

395 2827 483 2899 mihi
515 2826 755 2910 conciliaram,
789 2825 890 2896 ouius
921 2825 975 2895 ius
998 2825 1104 2896 etiam
1129 2850 1208 2896 oum
1232 2826 1414 2898 seditionis
1435 2849 1504 2897 con·
1593 2822 1594 2843 ³

395 2936 574 3008 iunctione
599 2933 843 3020 defenderam,
870 2942 903 3005 et
927 2933 1083 3006 iudicum
1110 2936 1245 3006 animos
1268 2943 1359 3007 totos
1385 2936 1438 3007 vel
1459 2958 1504 3007 ca-

396 3046 552 3118 lamitate
577 3043 746 3132 civitatis,
771 3044 826 3114 vel
851 3043 947 3115 luctu
972 3043 1209 3116 aadesiderio
1226 3046 1504 3142 propinquorum,

394 3156 449 3227 vel
484 3154 565 3225 odio
601 3153 741 3249 proprio
776 3153 813 3224 in
853 3152 1065 3248 Caepionem
1106 3150 1154 3224 ad'
1186 3177 1327 3225 cansam
1364 3163 1505 3227 nostram

395 3271 651 3346 converteram,
685 3269 763 3333 tum
794 3261 985 3334 admiscere
1019 3262 1100 3334 huic
1125 3267 1246 3357 generi
1270 3265 1436 3336 orationis
1457 3286 1505 3333 ve·

395 3375 549 3446 hementi
574 3382 678 3467 atque
703 3372 808 3443 atroci
831 3395 942 3466 genus
967 3371 1056 3443 illud
1080 3371 1249 3459 alterum,
1276 3373 1321 3445 de
1346 3398 1415 3469 quo
1435 3379 1506 3444 ante
1592 3422 1593 3481 q

395 3483 588 3581 disputavi,
627 3481 777 3553 lenitatis
810 3488 845 3551 et
883 3481 1161 3554 mansuetudinis
1203 3484 1321 3579 ocepi3
1366 3508 1421 3555 me
1453 3506 1506 3577 pro

394 3620 472 3667 meo
509 3593 639 3677 sodali,
679 3593 740 3686 qui
777 3589 864 3661 mihi
894 3591 930 3661 in
954 3590 1101 3663 liberum
1128 3591 1203 3663 loco
1228 3616 1324 3663 more
1347 3594 1505 3665 maiorum

394 3730 470 3776 esse
494 3703 656 3786 deberet,
684 3709 718 3772 et
743 3724 806 3795 pro
831 3724 908 3772 mea
932 3701 1028 3772 omni
1053 3700 1144 3773 fama
1169 3726 1278 3797 prope
1299 3702 1507 3796 fortunisque

393 4056 496 4103 stillare.
532 4054 670 4110 Ellendtio,
692 4052 733 4113 qui
748 4051 860 4102 defendit
873 4067 930 4115 pra·
979 4054 1144 4102 coniunctam.

394 4133 599 4189 vamlectionem,
609 4132 931 4193 inpoeaeaeionemmppono
1013 4146 1050 4178 me
1059 4146 1109 4192 pro
1123 4146 1175 4179 meo
1188 4134 1274 4181 rodeli.
1289 4136 1437 4197 Propterea,
1451 4145 1507 4194 quae

395 4212 564 4274 Madvigium,
580 4210 721 4259 Emendatt.
737 4210 792 4258 Liv.
805 4225 830 4271 p.
840 4213 863 4268 8,
876 4224 929 4272 sqq.
979 4211 1116 4268 adduntur,
1138 4210 1187 4259 hoc
1207 4212 1307 4273 quidem
1327 4215 1382 4262 loco
1395 4210 1506 4274 postulari

427 4293 497 4340 cuiae
515 4292 555 4338 iac
575 4291 650 4337 etiam
667 4302 721 4336 cum
733 4288 861 4336 seditionis
874 4302 930 4335 ccc·
979 4289 1038 4336 mihi
1051 4290 1162 4347 videtur,
1174 4304 1222 4349 pro
1234 4305 1285 4340 meo
1293 4293 1432 4353 quaestore:
1446 4288 1505 4338 conf.

392 4371 525 4419 iunctione.
547 4371 616 4417 Haec
628 4373 713 4429 aperte
725 4367 813 4415 vitiosa
826 4367 861 4414 sic
875 4381 930 4415 cor·
979 4381 1016 4425 ea,
1031 4382 1094 4430 quae
1109 4368 1154 4416 viri
1168 4369 1234 4417 docti
1245 4368 1505 4419 adhunclocumexci-

393 4450 438 4512 rigi
452 4451 507 4498 vult
521 4449 656 4509 Kayserus‚
672 4459 726 4495 cum
738 4446 866 4493 reditionis
873 4460 928 4494 con·
978 4451 1040 4504 tant,
1055 4452 1079 4495 et
1093 4462 1159 4504 mox,
1174 4448 1252 4506 52⁰3,
1267 4449 1507 4510 fin.:tumaliquantc

393 4530 525 4585 citatione,
544 4527 626 4589 quod,
641 4531 668 4574 ut
682 4524 741 4572 mihi
755 4525 869 4582 videtur,
884 4526 929 4573 ali·
978 4530 1033 4586 post
1046 4530 1114 4574 recte
1128 4526 1228 4587 ponitur
1241 4526 1318 4575 sodali
1332 4542 1389 4575 mco.

394 4612 485 4666 quanto
498 4607 595 4655 excedit
608 4605 707 4654 Antonii
719 4604 857 4653 consilium.
877 4604 929 4666 Ego
1012 4606 1069 4653 201.
1088 4608 1124 4663 ut,
1134 4605 1426 4667 quidessetmiaaere-.
1438 4606 1505 4653 Prae·

428 3978 485 4024 200.
503 3976 530 4023 ia
544 3976 697 4037 possessione
715 3974 803 4021 iudicii
823 4001 855 4009 -
874 3988 929 4023 coc-
979 3975 1063 4022 malim
1091 3974 1125 4023 sic
1152 3976 1291 4039 corrigere,
1319 3992 1373 4025 cum
1398 3978 1508 4025 seditione
