3242 5500
683 980 740 1073 M.
775 983 958 1071 TULLII
990 984 1261 1077 CICERONIS

508 1287 1425 1403 nnoanroan

835 1580 936 1628 LIBER
956 1580 1107 1631 TERTIUS.

906 1829 1029 1854 *00⁶-

359 2049 374 2115 1
454 2007 661 2106 Instituenti
692 2030 795 2111 mihi,
834 2031 970 2105 Quinte
998 2032 1123 2119 frater,
1150 2059 1231 2107 eurn
1257 2062 1445 2113 sermonem
1464 2068 1507 2113 re-

366 2178 373 2222 ι
403 2146 493 2216 ferre
523 2152 558 2216 et
588 2142 753 2214 mandare
786 2140 869 2213 huic
889 2143 992 2215 tertio
1014 2142 1124 2230 libra,
1150 2170 1256 2241 quom
1278 2158 1357 2244 post
1379 2152 1508 2223 Antonii

403 2254 678 2351 disputationem
700 2251 847 2323 Crassus
871 2250 1069 2339 habuisset,
1095 2254 1218 2334 acerba
1235 2281 1319 2329 sane
1335 2262 1510 2332 recordatio

403 2374 553 2437 veterem
592 2362 701 2434 animi
738 2385 857 2433 curam
891 2361 1157 2459 molestiamque
1186 2369 1371 2440 renovavit.
1428 2372 1509 2441 Nanr

401 2474 491 2547 illud
521 2470 783 2544 immortalitate
816 2471 966 2566 dignum
989 2472 1193 2567 ingenium,
1220 2475 1282 2548 illa
1302 2477 1504 2565 humanitas,

401 2584 461 2655 iIIa
495 2583 605 2655 virtus
639 2576 696 2675 [L.
733 2576 867 2675 Crassi]
898 2588 1010 2653 morte
1032 2583 1204 2656 exstincta
1227 2585 1345 2661 subita
1367 2598 1434 2675 est,
1456 2592 1504 2660 vix

401 2693 525 2768 diebus
560 2692 681 2764 dacem
717 2697 796 2789 post
832 2715 913 2763 eum
948 2690 1063 2778 diem,
1100 2694 1162 2790 qui
1197 2694 1262 2768 hoo
1290 2705 1324 2770 et
1347 2700 1503 2796 superiora

361 2803 490 2883 alibro
531 2803 740 2876 continetur.
809 2800 858 2873 Ut
900 2801 994 2874 enim
1027 2803 1177 2875 Romam
1207 2806 1334 2894 rediit,
1369 2819 1502 2882 extremo

401 2915 615 2987 scenicorum
651 2911 815 2984 ludorum
849 2911 925 2998 die,
964 2911 1186 2987 vehementer
1215 2926 1408 3003 commotus
1439 2944 1500 2990 ora·

400 3025 496 3096 tione
543 3048 603 3108 ea,
644 3045 733 3118 quae
768 3019 943 3094 serebatur
975 3021 1096 3094 habita
1130 3048 1205 3096 esse
1236 3027 1274 3098 in
1308 3030 1501 3101 contionea
1588 3056 1589 3121 ᾗ

399 3255 694 3266 .-...-...-——-..-—..

450 3410 472 3454 l.
490 3421 545 3454 eam
555 3419 689 3454 romonem
700 3431 733 3440 -
742 3418 852 3466 qaem-
861 3403 933 3451 Graa-
984 3405 1106 3468 exstingni
1120 3411 1217 3467 poterat
1228 3408 1311 3457 Crassi
1322 3415 1406 3459 morte.
1425 3409 1498 3459 Diver-

397 3501 439 3535 aua
452 3486 584 3534 habuisset.
603 3487 638 3532 Ut
652 3484 678 3531 h.
693 3484 710 3530 l.
725 3497 805 3532 aomo
819 3483 850 3530 de
862 3482 934 3531 unius
983 3497 1037 3531 sum
1052 3497 1104 3532 esse
1118 3483 1278 3548 intelligitur,
1293 3501 1367 3547 quum
1381 3488 1499 3551 legimusin
1586 3476 1587 3483 '

397 3565 561 3628 disputatione
580 3563 681 3620 dieitur,
695 3563 729 3610 ita
743 3561 917 3624 explicandum
926 3597 933 3620 ‚
984 3563 1070 3619 Bruto,
1079 3566 1091 3620 §
1101 3564 1158 3621 328,
1168 3562 1195 3616 Q.
1205 3564 1335 3613 Hortensii
1342 3565 1498 3615 nosemiata

398 3645 464 3705 quod
477 3643 567 3706 legitur
581 3645 616 3691 ΙΙ.
632 3646 644 3701 ξ
660 3644 699 3689 89.
719 3641 791 3689 Conf.
806 3642 842 3689 II.
858 3645 870 3700 ξ
885 3643 932 3689 234
977 3641 1039 3700 fato
1052 3655 1096 3688 auo
1109 3644 1155 3688 eat.

397 3728 422 3771 et
436 3738 504 3784 sequ.
523 3723 628 3778 Contra,
650 3722 671 3768 Ι.
687 3725 699 3778 ξ
714 3721 759 3778 41,
776 3721 802 3766 ia
816 3720 934 3767 sermome
1016 3721 1040 3766 3.
1058 3723 1088 3767 ut
1106 3734 1178 3780 saepe
1196 3748 1230 3755 -
1243 3726 1357 3770 constare
1370 3723 1422 3770 aidi.
1452 3720 1498 3769 Dixi

397 3801 571 3862 disputatione.
606 3801 642 3847 Ut
662 3798 710 3846 hoe
729 3799 785 3846 loeo
798 3811 933 3845 sermonem
982 3798 1156 3860 corrigendum
1169 3813 1237 3856 esse,
1252 3802 1348 3858 audivi,
1369 3800 1423 3864 (quo
1435 3799 1497 3846 modo

397 3880 499 3937 habere,
514 3879 548 3926 ita
562 3892 644 3939 supra,
660 3878 695 3925 II.
711 3878 794 3934 §196,
809 3875 931 3924 nabaio-
981 3874 1134 3938 configebam
1155 3890 1245 3939 supra,
1268 3879 1290 3926 Ι,
1312 3885 1325 3938 §
1343 3879 1386 3943 46)
1399 3877 1514 3943 quonianq

396 3961 467 4005 bere:
496 3958 558 4005 Sest.
584 3958 661 4014 542,
683 3956 808 4004 contiones
828 3956 930 4002 hahere:
979 3954 1043 4001 iliud
1057 3953 1137 4018 (inter
1150 3954 1212 4002 Iram
1226 3971 1293 4020 saep.
1306 3955 1497 4019 constaremus

395 4043 461 4094 tum,
480 4050 547 4084 voees
559 4035 647 4083 habere
653 4033 817 4083 animadverti
824 4032 931 4081 Scholia.
980 4047 1031 4080 non
1045 4033 1154 4094 potuerit
1167 4033 1263 4082 Cicero.
1286 4037 1324 4085 De
1338 4031 1496 4083 consentino

397 4118 522 4177 Hypomn.
537 4115 567 4162 V.
582 4129 607 4175 p.
620 4113 678 4161 340.
980 4110 1108 4159 hominum
1128 4112 1219 4160 iudicIo
1239 4127 1312 4174 saepe
1324 4115 1404 4162 audire
1415 4110 1494 4173 potnit:

427 4193 472 4240 illa
485 4193 565 4240 virtus
580 4191 620 4253 [L.
632 4191 726 4252 Crassi]
736 4193 930 4240 morteeeatina-
979 4204 1050 4250 saepe
1061 4189 1143 4238 nidere
1154 4205 1205 4238 non
1219 4191 1267 4239 nisi
1277 4192 1304 4240 in
1314 4194 1377 4240 fanto
1389 4195 1494 4239 aeventu

395 4273 421 4321 ta
435 4299 476 4320 -.
497 4271 634 4334 Quoniam,
649 4269 931 4330 quodhisSubstantivis
978 4269 1066 4317 iterato
1091 4269 1173 4316 dicere
1194 4270 1260 4318 lieet.
1296 4271 1359 4320 Hine
1380 4270 1402 4316 in
1422 4267 1494 4315 multis

393 4351 554 4413 praeponitur
570 4351 726 4406 Pronomen,
747 4349 828 4410 ipsum
847 4363 891 4411 per
904 4364 930 4397 se
980 4347 1059 4395 Codd.
1080 4348 1162 4394 audiat
1181 4347 1333 4397 inculcatum
1350 4352 1399 4410 post
1412 4346 1492 4393 iudica·

392 4429 485 4477 indicat
507 4430 637 4485 Crassum,
658 4426 742 4489 inepta
764 4431 802 4476 est
818 4427 928 4490 interpo-
980 4428 1040 4473 tum.
1072 4427 1104 4474 Et
1117 4427 1198 4474 soient
1210 4426 1244 4474 ita
1258 4427 1325 4491 iungi
1338 4439 1401 4487 saepe
1413 4423 1491 4477 audiri,

392 4508 451 4555 latio
465 4510 537 4556 Nom.
552 4505 657 4568 proprii:
674 4506 832 4566 nequeenim
847 4506 928 4553 ouius·
978 4509 1005 4552 ut
1025 4504 1046 4551 1.
1068 4509 1081 4562 ξ
1098 4506 1158 4562 129,
1177 4506 1226 4552 ΙΙΙ.
1242 4509 1254 4564 ξ
1272 4507 1326 4555 133.
1342 4508 1403 4553 Brut.
1418 4508 1429 4561 §
1443 4503 1489 4549 252.

393 4586 557 4646 unanimius,
580 4598 659 4645 neque
674 4584 789 4632 universo
801 4585 928 4646 ingenium
975 4581 1084 4643 'Repubt
1100 4585 1134 4630 II.
1151 4587 1162 4640 ξ
1180 4584 1218 4631 15.
1234 4586 1314 4646 Legg.
1329 4586 1347 4631 I.
1361 4587 1371 4639 ξ
1385 4583 1421 4628 15.
1436 4581 1488 4627 Con·
