3242 5500
362 545 410 588 XII
819 511 822 515 ¹
901 565 942 574 -·

361 705 490 783 Dialogi,
517 726 578 786 cap.
600 707 652 783 18,
671 708 741 766 uitio
762 707 949 782 maliquitatia
963 711 1098 783 humanae
1113 715 1207 767 vetera
1223 727 1327 785 seraper
1342 711 1373 769 iu
1392 712 1488 782 loruie,

355 811 519 884 praeseutia
543 813 574 870 iu
594 812 720 885 fuaudio
747 830 814 870 erae.
855 810 924 869 Non
950 812 1103 871 intercedo
1130 832 1189 890 quo
1215 813 1317 872 minus
1343 813 1386 873 sic
1404 820 1488 874 recte

360 914 550 990 castigaverit
568 915 617 974 ille
636 915 762 994 scriptor
779 933 849 974 suos
861 915 1015 993 aequaleS,
1033 916 1142 994 quibus
1152 918 1286 996 asperior
1297 923 1327 977 et
1335 919 1488 978 horridior

361 1016 483 1077 Catonis
510 1019 605 1079 oratio
630 1020 721 1098 digna
749 1020 901 1079 videretur
927 1038 1019 1097 quam
1035 1039 1107 1098 prae
1126 1021 1263 1082 Tulliana
1279 1023 1485 1084 imitarentur:

362 1119 515 1182 Ciceronis
542 1130 644 1184 autem
663 1123 804 1202 aequales
821 1129 851 1182 et
868 1123 1084 1184 obtrectatores
1103 1145 1162 1186 non
1180 1132 1328 1186 noverant
1345 1125 1418 1186 illud
1434 1145 1487 1205 ge-

359 1244 416 1285 nus
443 1227 617 1306 antiquum,
646 1229 699 1288 sed
724 1227 916 1288 sectabantur
932 1217 1065 1288 studiose
1080 1230 1127 1305 id,
1145 1231 1226 1308 quod
1244 1230 1379 1290 Atticum
1398 1250 1487 1292 voca-

358 1329 447 1390 bant:
476 1337 506 1390 et
534 1332 688 1410 probanda
713 1338 757 1392 est
786 1332 878 1411 Lipsii
906 1333 1050 1393 correctio
1078 1334 1111 1392 in
1137 1334 1261 1413 Dialogo
1290 1353 1353 1414 cap.
1376 1335 1430 1413 18,
1450 1343 1488 1397 ut

359 1434 463 1494 Cicero
490 1435 547 1495 illis
572 1435 823 1496 obtrectatoribus
843 1457 947 1511 parum
970 1439 1086 1497 Atticus
1111 1441 1267 1515 uideretur,
1295 1460 1389 1518 quum
1416 1439 1486 1500 libri

359 1539 458 1598 terant
483 1541 629 1616 antiquus,
654 1541 763 1619 quippe
781 1541 840 1600 ista
857 1547 939 1600 certe
958 1547 1057 1603 aetate
1075 1562 1198 1622 prorsus
1224 1544 1393 1603 inauditum
1419 1550 1486 1604 erat

357 1648 392 1702 ut
418 1645 574 1718 antiquitus
597 1645 629 1702 in
648 1644 786 1704 oratoriis
803 1644 963 1704 virtutibus
982 1653 1205 1707 numeraretur:
1227 1649 1303 1707 conf.
1321 1647 1381 1708 Cic.
1398 1649 1484 1708 Brut.

359 1746 468 1827 §aaa
488 1766 552 1826 soa·

397 1851 484 1912 Unde
501 1852 594 1929 igitur
610 1851 824 1931 explicabimus
840 1859 1019 1931 perpetuum
1038 1853 1111 1914 illud
1127 1855 1260 1915 studium
1280 1855 1403 1916 Salustii
1412 1857 1481 1915 imi-

358 1954 458 2030 tandi,
480 1963 580 2034 spreta
601 1957 707 2017 illustri
725 1956 774 2016 illa
794 1955 933 2017 ubertate
951 1963 982 2016 et
999 1959 1214 2037 compositione
1237 1961 1380 2020 orationis
1397 1962 1482 2021 cuius

358 2059 568 2120 auctoritatem
586 2061 738 2121 Ciceronis
758 2060 868 2140 scripta
878 2061 1093 2122 continebant?
1115 2063 1215 2123 Valuit
1225 2064 1369 2124 nimirum
1377 2071 1482 2143 postea

358 2163 449 2222 etiam
459 2164 497 2241 id,
508 2166 587 2243 quod
595 2165 629 2240 ia,
638 2183 691 2224 sua
701 2165 799 2225 studia
808 2183 1058 2242 commemorans,
1070 2167 1146 2227 dixit
1155 2165 1253 2247 (Brut.
1264 2167 1361 2249 5322)
1373 2170 1410 2229 de
1419 2171 1480 2229 suis

358 2266 549 2345 aequalibus:
571 2289 645 2328 uouo
662 2277 743 2344 crat,
762 2270 810 2344 qui
822 2270 962 2328 uideretur
982 2272 1167 2348 exquisitius,
1185 2293 1265 2347 quum
1280 2276 1376 2348 vulqus
1393 2277 1481 2334 boui·

358 2391 433 2447 auu,
445 2375 584 2432 studuisse
600 2375 705 2434 literis.-
726 2374 829 2452 itaque
846 2393 935 2434 nemo
951 2382 1115 2452 agnoverat
1131 2379 1217 2435 aulum
1233 2384 1262 2436 et
1277 2378 1360 2452 quari
1368 2381 1480 2452 sundo-

358 2483 472 2536 ruentum
490 2479 613 2537 oratoria
630 2498 690 2536 aare
707 2479 868 2536 {arrabonem
884 2481 1052 2538 emendatum
1067 2487 1096 2538 et
1112 2481 1258 2552 Latinum,
1279 2486 1322 2558 et,
1337 2483 1362 2541 si
1372 2481 1480 2542 barba·

358 2581 418 2640 ries
437 2582 585 2660 quaedam
605 2600 777 2642 sermonem
796 2582 1022 2659 indiscavisset,
1043 2583 1124 2642 bunc
1142 2589 1347 2661 eaprrrpoudura
1363 2607 1437 2661 eoae,
1452 2594 1481 2645 et

357 2687 536 2744 adhibendam
562 2693 700 2761 tamquam
728 2690 870 2746 obrussam
885 2687 1022 2745 rationem
1058 2687 1193 2769 (Brut.§
1219 2687 1320 2771 958.):
1343 2697 1408 2751 tum
1425 2693 1482 2753 hoc

356 2789 526 2869 neglectum
551 2810 617 2850 esse
635 2791 673 2851 ab
692 2791 744 2867 iis,
766 2792 818 2869 qui
837 2797 904 2869 post
918 2790 1076 2852 literarum
1092 2797 1298 2854 monumentis
1315 2797 1479 2857 condendis

356 2913 477 2973 operam
504 2896 626 2968 darent,
648 2896 744 2974 quod,
766 2914 783 2954 a
809 2894 954 2955 Cicerone
970 2898 1155 2957 exercitandi
1174 2917 1264 2959 causa
1282 2908 1477 2979 usurpatum,

355 3000 386 3059 in
403 2997 432 3058 ΙΟ
449 2999 493 3058 De
511 2998 637 3059 Oratore
646 2999 736 3075 libro,
747 2998 762 3079 ξ
772 2998 841 3075 155,
859 2999 967 3060 Crasso
981 3000 1020 3061 ab
1031 3020 1066 3061 eo
1076 3002 1228 3078 tribuitur,
1245 3009 1278 3063 ut
1289 3024 1477 3065 srunmorum

354 3109 506 3163 oratorum
531 3102 661 3164 Graecas
688 3104 839 3164 orationes
862 3104 970 3165 Latine
996 3107 1151 3181 redderet,
1181 3108 1283 3187 itaque
1316 3109 1474 3188 inprimis

352 3209 434 3268 bunc
450 3226 622 3269 sermonem
640 3208 853 3287 locupletaret,
868 3210 1032 3289 multisque
1045 3212 1143 3271 modis
1153 3231 1263 3272 novam
1274 3213 1339 3273 eius
1348 3216 1477 3274 formam

353 3312 518 3391 effingeret.
561 3312 626 3384 Quo
654 3312 846 3391 elegantioris
870 3314 1043 3375 Latinitatis
1067 3317 1165 3377 studio
1184 3317 1231 3378 vel
1252 3318 1408 3397 neglecto,
1430 3320 1476 3381 vel

352 3417 505 3477 fastidiose
520 3422 709 3496 contempta,
727 3418 793 3477 fieri
810 3436 872 3478 non
892 3425 1010 3498 poterat
1027 3422 1101 3500 quin
1118 3422 1192 3497 iam,
1212 3422 1367 3501 Augustae
1384 3444 1474 3501 aevo,

352 3522 402 3601 qui
420 3541 469 3581 res
486 3522 639 3583 Romanas
660 3522 850 3584 conscribere
869 3530 900 3584 et
916 3543 1024 3585 ornare
1044 3526 1153 3586 vellent
1168 3526 1255 3607 (nam
1272 3529 1399 3588 forensis
1414 3530 1475 3589 clo·
1578 3581 1581 3590 .

351 3628 474 3705 quentia
492 3633 611 3688 tantum
628 3646 689 3687 non
708 3629 916 3711 conticuerat),
936 3630 967 3690 id
985 3630 1134 3691 scribendi
1151 3650 1246 3709 genus
1257 3632 1475 3711 amplecteren-

351 3739 415 3807 tur,
445 3732 529 3791 cuius
553 3738 673 3811 praeter
699 3733 772 3794 alios
796 3733 896 3794 nobile
911 3736 1044 3813 profecto
1061 3737 1232 3815 exemplum
1250 3737 1281 3796 in
1299 3736 1475 3816 Originibus

350 3835 512 3915 reliquerat
538 3837 620 3897 Cato.
663 3837 762 3916 Atque
786 3839 824 3897 de
847 3839 1060 3918 huiusoperis
1075 3841 1213 3901 laudibus
1227 3842 1392 3902 honorifice
1405 3863 1474 3922 pro·

349 3940 499 4001 nuntiarit
520 3940 624 4001 Cicero
642 3942 673 4001 in
692 3942 803 4018 Bruto,
824 3942 839 4023 ᾖ
858 3942 990 4020 oe-oa
999 3946 1052 4004 sed
1071 3946 1113 4005 ita
1133 3951 1255 4022 tamen,
1275 3953 1310 4007 ut
1331 3955 1473 4025 appareat

349 4044 421 4123 quid
438 4044 465 4104 ei
484 4046 625 4121 defuerit,
643 4065 736 4125 quum
759 4046 843 4106 dicit:
865 4049 1009 4123 antiquior
1023 4057 1067 4108 eat
1085 4051 1281 4126 imitatoriae,
1299 4054 1472 4125 etquaedaru

347 4150 509 4209 horridiora
532 4154 633 4219 ocrim
661 4152 705 4210 tra
720 4152 790 4210 cairo
808 4158 864 4210 tura
880 4156 1080 4228 loquebantur.-
1100 4155 1133 4213 id
1151 4161 1242 4230 mrito,
1265 4158 1336 4229 quod
1351 4162 1407 4215 turo
1421 4159 1472 4216 ille

346 4276 400 4313 uon
419 4256 536 4329 potuit,
563 4262 591 4313 et
614 4257 684 4315 adde
709 4276 833 4315 urruaeror
856 4263 901 4329 et,
929 4265 962 4316 ut
985 4260 1081 4333 optior
1105 4260 1145 4317 ait
1166 4260 1275 4330 oratio,
1303 4261 1370 4335 ipra
1386 4266 1470 4321 verbu

348 4379 475 4434 compone
507 4368 535 4419 et
560 4362 641 4435 quari
664 4368 840 4437 coequanda,
868 4396 908 4407 -
934 4364 990 4421 ium
1013 4364 1142 4421 uerrincra
1171 4370 1321 4439 antepones
1359 4369 1470 4427 Octaui.

347 4464 502 4536 Quantum
520 4471 622 4525 autem
642 4465 689 4525 his
707 4464 846 4525 laudibus
862 4468 1036 4527 detraheret
1044 4466 1220 4542 Atticae,et
1228 4468 1353 4544 ibidem,
1366 4469 1381 4551 ᾗ
1393 4471 1468 4546 291,
