3242 5500
438 550 551 599 rusus
579 552 727 600 carnus.
757 535 773 615 §
802 533 882 601 145.
1039 508 1047 517 ⁸
1177 536 1220 604 61

84 734 211 796 'tuens
256 722 300 793 ab
345 745 405 807 eo,
443 722 690 818 quodcumque
727 722 794 794 sibi
830 724 1070 817 proposuerit,
1107 725 1225 796 minus

106 832 252 905 aberret.
305 830 437 901 Verum
470 856 537 927 ego
568 831 657 903 hanc
686 832 757 902 vim
780 831 940 927 intelligo
965 856 1039 903 esse
1065 833 1101 904 in
1125 858 1224 929 prae·
1250 850 1297 895 14⁰

105 942 216 1038 ceptis
248 939 428 1026 omnibus,
462 965 533 1012 non
564 948 604 1012 ut
629 964 668 1012 ea
693 941 802 1012 secuti
828 949 980 1013 oratores
1005 942 1225 1037 eloquentiae

107 1051 248 1123 laudem
284 1050 353 1121 sint
388 1050 528 1145 adepti,
566 1049 647 1135 sed,
685 1073 774 1145 quae
812 1074 875 1120 sua
910 1059 1033 1145 sponte
1066 1051 1225 1124 homines

107 1161 310 1256 eloquentes
343 1158 513 1246 lacerent,
548 1183 588 1230 ea
617 1157 789 1252 quosdam
814 1157 1035 1245 observasse,
1060 1169 1164 1255 atque
1188 1160 1226 1233 id

107 1270 236 1364 egisse:
269 1269 318 1340 sic
343 1292 512 1339 essenon
537 1266 773 1363 eloquentiam
797 1290 841 1337 ex
864 1266 1031 1353 artificio,
1057 1268 1120 1340 sed
1142 1269 1225 1341 arti-

107 1378 225 1449 ficium
251 1401 294 1447 ex
320 1375 519 1471 eloquentia
542 1385 684 1461 natum;
710 1374 804 1470 quod
822 1382 961 1461 tamen,
986 1384 1027 1447 ut
1039 1385 1120 1449 ante
1133 1378 1225 1464 dixi,

107 1511 175 1558 non
213 1486 333 1557 eiicio:
373 1493 425 1557 est
458 1486 573 1571 enim,
607 1484 745 1557 etiamsi
777 1484 896 1555 minus
925 1487 1158 1558 necessarium
1182 1487 1226 1558 ad

108 1594 433 1680 benedicendum,
459 1603 576 1666 tamen
602 1593 646 1665 ad
666 1592 949 1687 cognoscendum
961 1618 1032 1665 non
1045 1594 1224 1667 illiberale.

155 1704 224 1775 Sed.
250 1704 448 1775 exercitatio
470 1703 641 1799 quaedam
660 1702 882 1798 suscipienda
899 1702 997 1774 vobis
1009 1710 1078 1789 est;
1104 1729 1225 1800 quam·
1253 1718 1300 1769 14⁷

109 1838 211 1909 quam
244 1838 305 1883 vos
338 1812 482 1908 quidem
513 1811 722 1907 iampridem
755 1810 840 1882 estis
864 1811 900 1883 in
926 1836 1049 1897 cursu;
1076 1812 1138 1884 sed
1160 1814 1225 1899 iis,

109 1924 167 2017 qui
191 1921 441 2017 ingrediuntur
464 1922 501 1992 in
528 1921 699 2006 stadium,
734 1920 869 2016 quique
894 1945 953 2005 ea,
979 1945 1068 2015 quae
1091 1922 1228 2016 agenda

110 2040 187 2103 sunt
222 2033 261 2105 in
299 2032 392 2117 fora,
424 2039 592 2126 tanquam
625 2032 661 2103 in
695 2030 788 2115 acie,
822 2038 971 2126 possunt
1003 2032 1108 2102 etiam
1131 2055 1227 2103 nunc

109 2142 354 2213 exercitatione
371 2140 471 2234 quasi
489 2140 622 2212 ludicra
641 2140 858 2236 praediscere
869 2164 908 2210 ac
921 2139 1093 2211 meditari.
1122 2138 1226 2212 Hane
1253 2164 1299 2210 raa

110 2251 235 2346 ipsam,
261 2250 380 2345 inquit
405 2249 602 2345 Sulpicius,
626 2273 728 2321 nosse
748 2248 928 2319 volumus:
954 2250 1224 2343 actamenista,

110 2384 195 2455 quae
227 2358 292 2431 abs
324 2368 359 2431 te
383 2358 534 2431 breviter
559 2358 602 2430 de
625 2368 699 2430 arte
725 2358 869 2429 decursa
894 2365 995 2443 sunt,
1020 2356 1142 2429 audire
1165 2384 1225 2430 cu·

109 2469 243 2565 pimus,
284 2493 497 2564 quamquam
536 2476 619 2540 sunt
651 2466 753 2571 nqbis
787 2490 928 2562 quoque
952 2491 1023 2538 non
1047 2466 1224 2552 inaudita:

99 2603 225 2650 ,verum
259 2578 320 2649 illa
349 2602 449 2649 mox:
485 2603 578 2649 nunc
603 2578 646 2649 de
671 2578 747 2672 ipsa
771 2576 1018 2647 exercitatione
1041 2576 1128 2672 quid
1148 2601 1226 2649 sen·

110 2688 194 2775 tias,
221 2687 436 2785 quaerimus.
1313 2673 1477 2778 fif
1496 2704 1521 2715 “

154 2797 332 2893 Equidem
356 2795 466 2893 probo
491 2796 577 2881 ista,
604 2796 750 2868 Crassus
775 2795 913 2891 inquit,
939 2818 1100 2890 quaevos
1114 2795 1226 2868 facere
1251 2801 1298 2870 33

111 2907 243 2993 soletis,
292 2913 351 2992 ut,
393 2930 497 2977 causa
533 2904 651 3000 aliqua
685 2904 798 3000 posita
833 2902 1008 2975 consimili
1043 2928 1226 2978 causarum
1252 2926 1299 2973 ru

110 3039 244 3101 carum,
274 3039 362 3110 quae
387 3015 424 3086 in
446 3015 560 3085 forum
573 3013 793 3114 deferuntur,
820 3013 941 3084 dicatis
954 3036 1061 3108 quam
1074 3013 1227 3086 maxime

23 3113 57 3145 ⁸
109 3125 152 3196 ad
173 3126 354 3206 veritatem
378 3123 644 3196 accommodate.
681 3122 751 3194 Sed
774 3122 934 3218 plerique
957 3120 994 3192 in
1020 3120 1084 3193 hoc
1107 3147 1226 3196 vocem

111 3234 228 3321 modo,
264 3258 380 3329 neque
412 3258 488 3306 eam
521 3233 686 3318 scienter,
712 3240 747 3304 et
771 3232 861 3302 vires
886 3237 1045 3302 exercent
1069 3256 1169 3318 suas,
1195 3241 1228 3304 et

112 3341 250 3438 linguae
288 3343 502 3415 celeritatem
537 3343 707 3427 incitant,
743 3339 999 3435 verborumque
1031 3340 1228 3435 frequentia

112 3451 335 3525 delectantur.
363 3452 405 3523 ln
432 3477 502 3547 quo
519 3451 609 3523 fallit
634 3475 712 3536 eos,
739 3449 833 3546 quod
846 3449 1052 3534 audierunt,
1078 3450 1227 3522 dicendo

112 3560 268 3668 homines
307 3570 348 3632 nt
383 3561 500 3633 dicant
536 3561 669 3632 efficere
706 3559 833 3630 solere:
876 3583 955 3628 vere
993 3557 1087 3629 enim
1124 3560 1228 3632 etiam
1253 3582 1301 3628 150

109 3711 397 3730 —.-.,-.....-.

112 3779 277 3848 cprn'gamvad
289 3780 416 3837 artemque
429 3778 557 3838 redeyiara
585 3779 645 3825 Mox
694 3778 812 3824 Ernestus
831 3773 916 3821 abesse
931 3772 1049 3832 verbum,
1063 3790 1112 3836 quo
1125 3775 1229 3826 Dati'vm

112 3857 219 3916 praefero
248 3854 445 3904 nambinunurn
472 3855 571 3913 reticius
599 3869 645 3917 pro
694 3853 871 3902 tirreferatur:
885 3853 1228 3902 necsanehaeccontinuan·

112 3935 184 3982 areu.
693 3939 734 3980 tur
748 3946 804 3979 cum
818 3931 973 3991 aucupanda
986 3932 1051 3979 uobis
1061 3934 1107 3989 eat,
1122 3933 1229 3981 cedrum

145 4013 198 4062 147.
218 4014 264 4061 aed
283 4013 431 4060 euerritutz'o
451 4013 577 4072 quaedum.
606 4011 645 4059 sic
694 4025 734 4059 coa
747 4009 853 4070 quidem.
886 4009 974 4069 Itaque
987 4009 1233 4072 corrigendum,aed

113 4090 174 4137 edidi
194 4091 225 4138 de
246 4090 402 4138 coniectura:
425 4087 497 4147 libri,
511 4091 537 4137 et
549 4090 644 4137 euerri-
695 4090 729 4144 u',
744 4094 769 4136 et
782 4102 841 4134 mox
854 4086 988 4140 delendum
997 4090 1099 4149 quique,
1112 4096 1233 4139 ortumex

115 4170 180 4216 tatio.
215 4171 273 4216 Non
286 4169 402 4215 dicuntur
413 4166 475 4214 haec
487 4170 611 4228 tamquam
626 4169 646 4215 si
694 4167 738 4214 illa
751 4165 936 4226 depravatione.

113 4261 165 4294 curn
184 4247 233 4296 illis
251 4245 391 4308 praeceptis
405 4250 486 4294 essent
500 4246 645 4302 coniuncta,
731 4246 787 4291 148.
795 4247 919 4291 aeramen.
927 4245 995 4292 Bene
1002 4243 1114 4292 defendit
1121 4246 1232 4308 Madvig.

23 4365 24 4368 ,
114 4339 195 4372 verum
215 4340 308 4373 novam
329 4323 567 4371 commendationem
587 4322 644 4371 sub·
696 4322 728 4369 ad
741 4322 794 4369 Fin.
809 4337 836 4382 p.
851 4323 911 4369 289:
926 4321 982 4379 alii,
998 4324 1116 4370 attamen.

113 4401 161 4451 licit
173 4395 289 4459 Crassus,
310 4406 458 4463 perquam,
473 4405 647 4461 utmoxquo·
732 4400 788 4448 150.
809 4413 865 4447 vere
883 4400 948 4446 enim
968 4402 1043 4447 etiam
1056 4401 1128 4447 illud.
1164 4403 1233 4449 Haec

115 4493 173 4539 que,
188 4482 392 4528 exercitationem
405 4479 509 4542 opponit
522 4480 583 4526 arti.
697 4479 731 4526 ita
738 4477 911 4534 enuntiantur,
924 4483 1050 4538 tamquam
1064 4478 1083 4525 ai
1095 4478 1162 4539 prius
1172 4492 1232 4527 vere

145 4561 187 4606 aad
198 4561 244 4615 iia,
260 4561 303 4620 qui
314 4560 495 4621 inpredr'untur.
511 4557 648 4606 Benevidit
671 4588 673 4599 «
698 4557 746 4604 dici
761 4558 915 4603 censeretur:
934 4555 978 4602 aed
993 4555 1123 4617 corrigitur
1137 4556 1231 4617 potius,

624 4619 677 4670 ..l
