3242 5500
430 567 542 615 mano
569 567 771 616 sucunnos.
799 550 817 630 t
843 549 925 620 274.
1126 525 1132 538 ¹
1170 549 1240 618 233

114 746 150 809 et
694 803 697 808 .

165 843 345 928 Quamdiu
365 847 416 921 ad
434 873 545 944 aquas
557 845 652 942 suit,
676 873 867 943 numquam
887 861 936 922 est
958 862 1140 922 emortuus.

116 955 239 1028 Genus
276 955 342 1028 hoc
377 957 508 1045 levius,
546 969 599 1045 et,
638 965 677 1030 ut
698 957 794 1044 dixi,
821 956 1021 1030 mimicum:
1050 958 1112 1030 sed
1134 957 1240 1032 habet
1266 964 1312 1033 68

115 1088 385 1161 nonnumquam
411 1067 547 1164 aliquid
577 1067 682 1140 etiam
709 1065 805 1162 apud
828 1090 893 1137 nos
915 1067 1002 1153 loci,
1029 1079 1067 1140 ut
1090 1068 1144 1139 vel
1169 1091 1240 1139 non

115 1173 266 1261 stultae,
303 1176 405 1270 quasi
441 1177 565 1262 stulte,
590 1200 672 1248 oum
697 1176 768 1247 sale
792 1175 885 1248 dieat
909 1176 1062 1272 aliquid:
1089 1186 1130 1249 ut
1154 1176 1240 1263 tibi,

114 1283 273 1369 Antoni,
299 1284 459 1372 Mancia,
486 1310 597 1382 quum
621 1285 778 1357 audisset
799 1291 835 1355 te
858 1289 1037 1358 'censorem
1054 1311 1074 1358 a
1091 1286 1142 1358 M.
1163 1287 1240 1359 Du·

115 1393 216 1464 ronio
249 1393 295 1464 de
327 1394 465 1467 ambitu
495 1394 733 1490 postulatum,
770 1391 982 1488 Aliquauda
1013 1394 1151 1489 inquit,
1180 1395 1243 1469 tibi

116 1515 215 1574 tuum
248 1503 423 1601 aeqotium
454 1528 554 1602 aqere
584 1502 706 1576 licebit.
757 1500 870 1572 Valde
893 1501 977 1574 haec
1000 1503 1180 1590 ridentur,
1207 1516 1242 1578 et
1269 1532 1315 1582 ers

14 1650 19 1654 >
115 1611 258 1684 hercule
293 1614 432 1698 omnia,
468 1637 558 1707 quae
592 1638 615 1683 a
643 1610 903 1707 prudentibus,
930 1612 1030 1706 qnasi
1056 1637 1117 1708 per
1139 1614 1240 1687 dissi·

115 1721 361 1793 mulationem
392 1716 477 1816 [non
521 1715 777 1817 intelligendi],
821 1718 1038 1793 subabsurde
1084 1724 1243 1819 salseque

114 1830 293 1902 dicuntur.
318 1831 398 1901 ;Ex
430 1855 501 1925 quo
537 1855 665 1926 genere
696 1837 748 1902 est
773 1830 879 1901 etiam
911 1854 983 1902 non
1006 1831 1116 1904 videri
1141 1833 1244 1906 intel·

114 1939 244 2034 ligere,
272 1939 368 2034 quod
385 1938 752 2036 intelligaswrttPon
753 1938 863 2024 idius,
889 1935 1033 2022 Qualem
1053 1940 1139 2014 erist
1141 1941 1244 2020 imas

113 2046 176 2141 qui
204 2049 244 2122 iu
271 2048 441 2121 adulterio
463 2048 682 2144 deprehendit
668 2048 751 2120 tur?
785 2048 838 2118 T
831 2049 1044 2122 ardum
1004 2057 1044 2121 ut
1070 2075 1155 2145 ege,
1181 2052 1244 2147 qui

114 2158 152 2228 in
175 2157 316 2230 delectu
341 2157 507 2245 Metello,
533 2183 645 2254 quum
669 2166 811 2231 excusat
813 2158 930 2230 ionem
952 2159 1132 2232 oculorum
1149 2186 1170 2232 a
1187 2185 1244 2232 me

114 2291 187 2337 non
217 2267 410 2362 acciperet,
437 2275 472 2339 et
497 2267 663 2354 dixisset,
694 2266 747 2338 Tu
770 2266 880 2364 iqitur
901 2268 992 2342 aiiii
1011 2269 1128 2364 uides?
1165 2269 1244 2366 qu
1268 2289 1315 2340 aaa

113 2366 207 2457 uere,
244 2376 413 2471 inquam,
450 2401 475 2449 a
498 2389 607 2472 parta
635 2374 826 2471 Esquiliae
857 2376 952 2450 uideo
979 2376 1099 2451 uillam
1126 2382 1241 2452 tucia:

116 2493 157 2557 ut
191 2485 282 2557 illud
303 2485 472 2572 Nasicae,
499 2486 561 2582 qui
585 2510 697 2581 quum
718 2485 765 2558 ad
789 2493 929 2580 poetam
951 2486 1109 2560 Ennium
1132 2487 1244 2561 venis·

116 2603 191 2680 set,
226 2595 329 2690 eique
361 2593 405 2667 ab
428 2596 516 2668 ostio
540 2596 724 2692 quaerenti
749 2595 904 2667 Ennium
927 2596 1053 2668 ancilla
1077 2596 1242 2683 dixisset,

115 2703 215 2775 domi
247 2727 319 2776 non
353 2728 449 2791 esse,
486 2705 615 2776 Nasica
651 2703 761 2776 sensit
788 2703 885 2776 illam
911 2703 1045 2777 domini
1066 2705 1166 2778 iussu
1190 2707 1242 2779 di-

116 2814 230 2899 xisse,
257 2822 291 2886 et
313 2814 416 2887 illum
439 2814 536 2887 intus
562 2838 655 2886 esse:
682 2814 803 2910 paucis
828 2822 908 2909 post
928 2813 1053 2886 diebus
1071 2840 1181 2910 quum
1199 2816 1245 2887 ad

116 2924 284 2996 Nasicam
317 2924 469 2996 venisset
503 2922 661 3009 Ennius,
701 2930 735 2995 et
768 2946 850 2994 eum
872 2948 892 2995 a
916 2924 1021 2995 ianua
1043 2934 1243 3020 quaereret,

116 3033 291 3105 exclamat
313 3033 461 3119 Nasica,
488 3058 524 3105 se
546 3031 730 3103 dominon
749 3056 838 3119 essm
860 3040 937 3105 tum
950 3033 1105 3121 Ennius,
1127 3032 1244 3117 Quid?

11 3177 13 3188 ι
115 3166 178 3239 eqo
211 3166 281 3214 acu
311 3166 473 3239 capacem
506 3166 633 3220 nocem,
671 3142 808 3237 inquit,
845 3144 965 3214 tuom?
1001 3140 1071 3215 Hic
1096 3144 1243 3230 Nasica,

15 3257 23 3267 '
116 3251 236 3324 Homo
266 3276 300 3324 es
329 3250 532 3345 iarpudeus:
566 3274 641 3347 equ,
675 3275 782 3345 quum
808 3262 840 3323 ie
864 3276 1073 3345 quaererem,
1099 3253 1246 3327 cucillae

117 3373 198 3433 tuae
228 3359 361 3433 credidi
392 3373 424 3433 ie
444 3359 541 3432 dorni
557 3385 628 3433 usu
649 3383 738 3441 essa·
765 3372 803 3433 tu
824 3360 910 3433 miti
930 3386 999 3434 aaa
1019 3361 1129 3435 credis
1149 3361 1245 3457 ipsi?

117 3470 184 3541 Est
206 3468 340 3541 bellum
363 3469 452 3540 illud
476 3470 642 3564 quoque,
663 3494 705 3540 ex
727 3493 797 3565 quo
822 3470 873 3555 is,
900 3470 962 3565 qui
983 3469 1092 3555 dixit,
1123 3471 1244 3543 irride·
1269 3498 1318 3548 au

119 3588 179 3650 tur
201 3578 238 3649 in
257 3602 298 3649 eo
315 3579 391 3675 ipso
409 3602 553 3673 genere,
580 3602 650 3671 quo
668 3577 774 3650 dixit:
801 3587 859 3664 ut,
886 3603 996 3673 quum
1016 3580 1061 3654 QL
1082 3579 1246 3673 Opimius

119 3680 334 3772 consularis,
377 3688 439 3782 qui
476 3686 756 3759 adolescentulus
787 3687 878 3759 male
912 3688 1087 3773 audisset,
1126 3688 1247 3760 festivo

120 3796 257 3868 homini
290 3795 428 3889 Egilio,
467 3796 527 3891 qui
557 3795 732 3867 videretur
755 3797 913 3882 mollior,
940 3820 1005 3868 nee
1031 3808 1142 3883 esset,
1108 3798 1272 3870 tdix·.

120 3906 225 3991 isset,
190 3901 430 3987 tQuidu
392 3902 582 4003 midqi'
569 3930 605 3977 m
626 3905 729 3978 inea?
754 3906 892 4000 quaudo
915 3904 965 3978 ud
981 3932 1034 3979 me
1054 3906 1149 3980 aenis
1169 3932 1248 3979 eum

153 4196 212 4247 275.
225 4210 276 4257 per
286 4195 506 4243 dissimulationem
520 4195 661 4257 [umimel-
711 4195 775 4245 nesti
795 4195 976 4258 suspicionem,
997 4202 1077 4247 totum
1094 4197 1157 4246 illud
1172 4198 1248 4247 inter·

122 4274 236 4339 liquidi]
258 4276 343 4333 Quum
360 4273 491 4330 dixissem,
505 4275 599 4321 diesim
614 4288 663 4322 uon
710 4276 824 4335 palatum
831 4288 896 4323 esse:
910 4290 967 4323 uam
975 4276 1105 4338 peculiaris
1113 4276 1250 4340 designatio

121 4354 167 4401 int.
189 4352 271 4401 videri
291 4352 427 4399 mihi-eam
448 4365 516 4410 esse,
538 4366 587 4413 qua
608 4352 662 4413 quis
712 4352 784 4400 huius
798 4352 1004 4401 dissimulationis
1017 4355 1249 4416 continetm'seqq.,

121 4431 238 4479 stultitiae
256 4430 367 4492 speciem
381 4434 503 4488 assumat,
524 4429 663 4491 probarunt
710 4430 860 4478 subabsurde
879 4434 990 4494 sabaque
1010 4432 1138 4481 diruatur.
1176 4433 1250 4481 Conf.

121 4524 174 4558 eam
188 4496 421 4570 interpretationem
435 4508 574 4557 Ellendtius
587 4509 660 4557 ctPi·
711 4513 723 4567 ξ
749 4510 806 4557 289.
842 4510 891 4558 Sed
912 4511 1017 4559 maxime
1036 4510 1100 4557 illud
1114 4524 1162 4558 aaa
1176 4512 1250 4579 iaist-

121 4588 231 4637 daubus.
269 4589 343 4635 Nunc
356 4591 440 4633 tamen
455 4588 602 4636 concedoin
614 4589 659 4635 Er·
711 4587 802 4649 liqendi
822 4588 963 4637 excluditur
984 4588 1027 4647 iis,
1050 4604 1112 4650 quae
1133 4604 1191 4638 mox
1212 4590 1248 4639 di-
