3242 5500
399 569 468 634 35c
518 635 523 642 ,
728 588 842 636 runnu
868 587 1040 637 ruamus,
1069 573 1086 650 ἓ
1115 571 1195 638 188.

397 783 611 854 quemquam
650 771 755 856 putas
779 786 799 831 a
823 770 857 832 te
884 759 966 831 haec
991 785 1096 856 opera
1119 761 1325 856 quotidiana
1349 771 1384 832 θῖ
1408 785 1519 855 perra·

397 876 480 962 gata
502 880 720 965 exspectare:
749 874 835 954 ista,
864 893 954 964 quae
975 869 1084 954 dieis,
1111 869 1180 942 dici
1202 869 1386 954 volumus,
1414 893 1519 966 neque

397 987 470 1048 tarn
494 977 583 1063 dici,
610 1004 716 1074 quam
742 980 808 1051 isto
834 978 903 1050 dici
929 977 1055 1064 modo;·
1074 1003 1189 1075 neque
1211 978 1277 1050 tibi
1299 978 1365 1050 hoc
1391 1003 1453 1074 pro
1470 1004 1518 1051 me

399 1085 532 1171 solum,
571 1087 633 1158 sed
664 1113 728 1184 pro
760 1088 816 1159 his
840 1087 1005 1159 omnibus
1030 1088 1105 1158 sinc
1131 1088 1203 1159 ulla
1227 1087 1450 1159 dubitatione
1474 1113 1525 1186 re·¹

327 1217 373 1262 rao
399 1196 565 1291 spondeo,
617 1196 694 1291 Ego
724 1221 825 1281 ver0,
852 1196 968 1290 inquit
993 1195 1192 1282 Antonius,
1219 1197 1338 1268 inveni
1361 1197 1517 1284 tandem,

398 1329 503 1400 quem
537 1329 702 1400 negaram
736 1307 774 1377 in
810 1329 872 1389 ec,
899 1329 1004 1400 quem
1031 1307 1173 1400 scripsi,
1201 1305 1321 1376 libello
1348 1331 1407 1376 me
1432 1307 1517 1377 inve-

397 1414 492 1486 nisse
529 1409 799 1510 [eloquentem]
857 1413 926 1484 Sed
963 1437 1003 1485 eo
1038 1422 1074 1485 ῖθ
1111 1437 1156 1484 ne
1190 1414 1358 1486 laudandi
1385 1415 1518 1510 quiden

397 1546 501 1594 causa
537 1523 779 1620 interpellavi,
806 1548 851 1594 ne
877 1522 964 1619 quid
989 1523 1032 1594 de
1057 1523 1122 1594 hoc
1146 1532 1218 1594 tam
1244 1524 1374 1619 exiguo
1401 1549 1518 1596 sermo·

399 1632 454 1703 uis
489 1633 542 1704 tui
579 1643 737 1728 ternpore
772 1631 878 1704 verbo
907 1657 979 1703 uno
1004 1657 1082 1704 meo
1107 1633 1375 1705 diminueretur.

327 1766 374 1812 190
447 1740 550 1812 Hanc
572 1742 694 1836 igitur,
721 1742 868 1813 Crassus
893 1741 1028 1836 inquit,
1055 1742 1099 1812 ad
1121 1741 1236 1836 legem
1260 1767 1371 1838 quum
1402 1743 1517 1813 exerei-

398 1851 551 1936 tatione‚
586 1861 664 1922 turn
697 1852 778 1923 stilo
818 1851 895 1946 (qui
935 1860 968 1922 ot
992 1851 1080 1936 alia,
1107 1861 1140 1922 et
1164 1850 1229 1924 hoc
1254 1852 1408 1923 maxime
1431 1861 1519 1922 ornat

398 1984 438 2031 ac
455 1960 589 2046 limat),
615 1959 798 2032 formanda
821 1959 918 2031 vobis
943 1960 1053 2032 oratio
1079 1969 1142 2032 est.
1188 1961 1313 2056 Neque
1329 1970 1447 2032 tamen
1464 1961 1519 2031 hoc

398 2069 486 2140 tanti
517 2069 645 2142 laboris
675 2080 743 2155 est,
775 2069 898 2164 quanti
920 2069 1078 2155 videtur,
1105 2093 1169 2141 nec
1195 2079 1278 2141 sunt
1301 2070 1388 2141 haec
1409 2069 1518 2164 rhyth-

365 2179 568 2250 micorum
592 2204 631 2251 ac
657 2179 871 2251 musicorum
896 2179 1064 2250 acerrima
1087 2203 1209 2250 norma
1227 2179 1434 2274 dirigenda:
1458 2179 1519 2250 effi-

397 2288 563 2360 ciendum
599 2298 652 2361 est
677 2289 767 2361 illud
789 2288 894 2359 modo
918 2287 1037 2372 vobis,
1064 2311 1108 2358 ne
1134 2288 1221 2359 fluat
1246 2289 1376 2375 oratic,
1404 2314 1447 2360 ne
1470 2312 1517 2358 va·

398 2407 519 2491 getur,
554 2422 600 2469 ne
635 2399 779 2470 insistat
813 2396 983 2482 interius,
1014 2421 1059 2467 ne
1095 2387 1267 2468 excurrat
1292 2397 1454 2492 longius,
1484 2406 1519 2466 ut
1600 2479 1601 2492 ἢ

397 2506 565 2578 membris
590 2508 849 2603 distinguatur,
877 2514 915 2577 ut
932 2506 1175 2577 conversiones
1193 2505 1321 2578 habeat
1339 2507 1517 2579 absolutas.
1600 2497 1601 2530 ¹

399 2617 525 2712 Neque
558 2641 696 2712 semper
727 2616 901 2687 utendum
932 2623 985 2686 est
1010 2616 1244 2710 perpetuitate
1265 2625 1301 2688 et
1325 2618 1426 2710 qnasi
1448 2640 1519 2687 con·

399 2726 556 2799 versione
580 2726 786 2812 verborum,
814 2724 876 2798 sed
901 2749 1003 2821 saepe
1029 2724 1203 2821 carpenda
1227 2723 1396 2798 membris
1414 2725 1517 2797 miuu-

398 2836 548 2909 ticribus
582 2838 693 2909 oratio
718 2846 787 2921 est;
815 2860 905 2929 quae
930 2844 1048 2906 temen
1071 2836 1146 2929 ipsa
1170 2836 1329 2906 membra
1355 2844 1437 2907 sunt
1460 2860 1517 2906 nu·

327 2945 504 3021 rumoris
539 2947 734 3019 vincienda.
799 2946 925 3041 Neque
957 2969 1017 3016 vos
1052 2968 1184 3040 paeon,
1225 2955 1287 3017 aut
1317 2944 1443 3016 herous
1465 2945 1518 3016 ille
1599 3006 1600 3009 ,

399 3056 604 3128 conturbet:
645 3056 713 3151 ipsi
746 3064 928 3127 occurrent
965 3054 1134 3139 orationi,
1173 3054 1264 3150 ipsi,
1300 3054 1461 3150 inquam,
1486 3078 1518 3125 se

400 3166 546 3237 offerent
581 3173 615 3235 θῖ
642 3162 907 3259 respondebunt
933 3186 1003 3234 non
1029 3163 1157 3234 vocati:
1182 3164 1404 3251 'consuetudo
1426 3164 1519 3235 modo

402 3274 462 3346 illa
495 3275 541 3346 sit
574 3274 750 3346 scribendi
784 3283 890 3369 atque
922 3272 1082 3356 dicendi,
1111 3282 1150 3343 ut
1179 3266 1393 3367 [sententiae
1415 3272 1519 3344 verbis

401 3387 589 3470 finiantur,
603 3378 825 3479 eorumque]
854 3382 1039 3454 verborum
1064 3382 1198 3454 iunctio
1221 3392 1385 3455 nascatur
1406 3408 1425 3453 a
1447 3407 1518 3478 pro·

401 3495 489 3567 ceris
513 3495 670 3566 numeris
704 3519 745 3565 ac
777 3492 919 3576 liberie,
955 3491 1107 3563 maxime
1144 3490 1267 3576 berec,
1306 3500 1368 3564 aut
1395 3515 1520 3587 paeone
1598 3562 1599 3569 χ

402 3604 535 3699 priore,
572 3614 634 3675 aut
669 3603 815 3687 oratioe,
855 3601 916 3673 sed
953 3601 1045 3672 varic
1080 3600 1316 3697 distincteque
1353 3600 1517 3673 considat:
1598 3600 1599 3613 ¹

402 3723 544 3785 notatur
569 3714 663 3785 enim
687 3712 840 3784 maxime
864 3710 1057 3785 similitudo
1080 3710 1116 3781 in
1147 3710 1442 3807 conquiescendo:
1469 3718 1519 3794 et,

440 3918 496 3964 189.
521 3916 708 3977 [eloquentem]
725 3916 874 3964 Tollendum
890 3929 943 3963 esse
990 3914 1067 3962 tentia
1082 3912 1263 3970 sicinchoatur,
1278 3914 1520 3975 tamquamsinovum
1597 3952 1598 3979 q

404 3983 462 4043 sutis
476 3994 584 4041 indicavi
598 3996 630 4042 ad
646 3995 715 4043 Orat.
734 3998 746 4052 ξ
762 3998 804 4041 44.
992 3990 1232 4053 quidpraeeipiatur:
1240 3992 1284 4039 sed
1292 4008 1341 4040 non
1349 3999 1391 4050 est,
1400 3992 1442 4040 nisi
1449 3992 1521 4052 expli-

438 4074 495 4120 190.
513 4088 587 4134 quum
601 4074 793 4128 exercitatione,
809 4075 861 4119 tum
875 4072 941 4119 stilo.
992 4070 1055 4118 catio
1070 4070 1456 4129 eius,quorlmodcdietumerat.
1475 4070 1521 4117 Ita·
1597 4132 1598 4137 ¹

404 4152 527 4210 Quoniam
554 4152 660 4200 alterum
687 4151 808 4207 dicendo,
837 4152 942 4198 alterum
993 4162 1040 4209 que
1052 4150 1136 4210 legere
1145 4149 1228 4195 malim
1237 4150 1521 4210 nequeeuimaemper-.
1597 4142 1598 4159 ¹

402 4230 534 4279 scribendo
541 4230 690 4285 continetur,
703 4228 842 4277 necessario
851 4230 943 4275 tam-
1026 4226 1096 4289 quasi
1108 4228 1263 4275 θοηυενθὶοπθ
1274 4230 1405 4275 verboram.
1420 4225 1522 4273 Offendlt

404 4313 456 4363 tum
468 4310 611 4370 requiritur.
630 4308 698 4357 Nihil
710 4309 777 4356 valet
784 4308 809 4354 in
817 4308 855 4355 his
863 4307 942 4355 Ccdd.
991 4304 1054 4352 illud
1062 4305 1140 4366 quasi,
1152 4303 1311 4353 Substantivc
1319 4305 1521 4367 eidempraeposi·

404 4389 544 4437 auctoritas.
579 4388 640 4436 Mox
660 4387 771 4448 appellat
788 4386 942 4433 eonsuetudi-
992 4388 1058 4440 tum,
1074 4382 1140 4442 quod
1152 4384 1227 4431 modo
1239 4384 1521 4445 simpliciterappellave·

404 4483 458 4515 nem
471 4468 594 4515 scribendi
607 4468 683 4528 atque
696 4465 802 4511 dicendi.
820 4490 853 4499 -
871 4462 944 4511 Modo
992 4466 1038 4509 rat.
1078 4462 1191 4509 Placeret
1215 4464 1285 4522 quart
1306 4463 1522 4523 circumscriptum
1595 4444 1597 4521 l

404 4547 469 4594 vobis
482 4546 593 4603 correxi,
607 4559 653 4606 pro
667 4562 700 4591 m.
717 4545 792 4589 nebia
993 4541 1071 4595 verb„
1086 4554 1135 4599 quc
1150 4540 1227 4587 utitur
1241 4541 1329 4589 Cicero
1343 4542 1408 4590 Orat.
1422 4544 1435 4598 §
1450 4542 1506 4588 204.

437 4638 514 4685 neque
527 4638 622 4685 semper
635 4625 673 4671 eat
686 4623 805 4671 utendum
819 4649 861 4668 -.
881 4622 942 4669 Sen-
1029 4620 1085 4666 191.
1122 4620 1273 4679 [cerrteutr‘ae
1310 4647 1343 4657 -
1375 4619 1520 4680 eorumque}
1596 4684 1597 4715 q
