3242 5500
372 520 419 588 64

721 535 834 584 urana
861 536 998 583 arruns
1026 517 1043 596 §
1071 514 1151 583 156.

301 732 347 777 rac
374 715 505 792 essent,
531 705 723 778 dummodo
748 714 864 778 essent
889 707 1025 778 idonea.
1061 704 1137 776 Iam
1160 706 1254 778 vocis
1278 714 1312 779 et
1337 706 1502 803 spiritus,

376 827 409 890 et
438 817 546 889 totius
573 816 743 911 corporis,
774 824 807 887 et
832 815 943 912 ipsius
967 816 1110 910 linguae
1134 823 1251 886 motus
1276 824 1309 887 et
1334 817 1502 887 exercita-

303 966 304 971 *
374 928 487 999 tiones
524 950 595 1001 non
632 934 705 998 tam
742 926 827 997 artis
856 925 1036 1020 indigent,
1067 948 1172 1020 quam
1197 925 1342 997 laboris:
1369 924 1502 1021 quibus

377 1038 414 1107 in
447 1034 552 1106 rebus
584 1033 745 1107 habenda
777 1043 830 1107 est
859 1034 948 1106 ratio
977 1034 1166 1129 diligenter
1189 1058 1277 1129 quos
1300 1035 1502 1120 imitemur,

377 1169 527 1242 quorum
557 1144 688 1216 similes
713 1144 862 1216 velimus
887 1168 973 1214 esse.
1010 1142 1177 1214 Intuendi
1202 1142 1303 1215 nobis
1329 1152 1412 1215 sunt
1428 1168 1503 1214 non

378 1254 491 1326 solum
512 1264 678 1338 craturae,
703 1254 765 1325 sed
786 1254 890 1325 etiam
910 1261 1061 1337 actorcS,
1082 1257 1128 1323 ne
1144 1252 1236 1323 mala
1248 1254 1504 1325 consuetudine

306 1384 352 1434 rar
378 1363 423 1436 ad
443 1364 597 1459 aliquam
619 1362 876 1434 deformitatem
889 1361 1161 1457 pravitatemque
1173 1362 1365 1433 veniamus.
1393 1362 1501 1434 111111-

378 1473 489 1545 canda
520 1480 574 1544 est
603 1472 707 1544 etiam
737 1472 904 1544 memoria
933 1470 1128 1543 ediscendis
1156 1470 1370 1544 adverbum
1396 1497 1503 1567 qnam

382 1807 514 1857 orationes.
555 1808 612 1854 Non
639 1820 697 1853 sane
725 1806 870 1855 eorumdem
894 1810 920 1853 et

384 1890 492 1936 Graecae
517 1890 542 1933 et
566 1884 669 1932 Latinae
693 1883 837 1933 ferebantur
864 1898 920 1932 ora·

383 1966 471 2013 tiones.
513 1960 665 2021 Praestabit,
692 1963 783 2019 credo,
814 1962 918 2011 Graeco-

384 2057 449 2091 rum.

420 2122 475 2170 156.
495 2120 590 2181 linquae
601 2120 920 2168 moluaeteaercitctianea.

385 2197 920 2261 lurespreveruntviridoctiquodcommen-

386 2280 516 2335 doveram,
535 2281 562 2324 ut
573 2277 920 2339 proeaercitationeslegere·

272 2351 279 2365 '
383 2355 425 2406 tur
438 2356 603 2405 incitationes.
638 2354 759 2402 Vitiosum
772 2359 857 2403 tamen
874 2354 922 2401 hoc

386 2441 438 2494 est,
462 2440 491 2481 ut
512 2434 609 2496 linquae
621 2434 702 2481 motas
715 2431 842 2480 dicantur:
860 2446 921 2481 con·

386 2520 433 2571 tra,
446 2512 556 2572 corporis
562 2510 820 2568 motusrectedicitur,
835 2516 921 2559 etsae·

387 2606 433 2653 pe,
459 2594 484 2638 et
504 2603 591 2650 supra,
614 2593 626 2646 ξ
643 2589 689 2637 132
703 2592 729 2635 et
748 2590 806 2635 115:
826 2590 923 2651 linquae

387 2668 492 2717 multum
500 2667 596 2715 diversa
603 2664 753 2725 tribuuntur,
767 2669 864 2725 ut§83.
874 2668 921 2713 114

387 2762 424 2808 sq.
443 2748 479 2795 II.
498 2751 510 2805 §
526 2748 566 2794 85.
601 2744 761 2807 Aptissimum
775 2751 813 2793 est
825 2750 853 2793 ut
866 2759 922 2793 ccr-

387 2828 482 2890 rigatur
507 2825 604 2888 linquae
628 2839 688 2872 1111
714 2827 740 2872 et
759 2825 922 2882 caercitadic,

386 2904 451 2966 'quae
465 2903 594 2963 aliquoties
606 2902 752 2964 iunguntur.

424 2981 481 3032 157.
499 2982 623 3028 educenda
637 2980 723 3028 deinde
733 2981 925 3042 -proferenda

389 3062 436 3108 est.
470 3058 571 3120 Duplici
584 3063 730 3121 argumento
744 3056 872 3106 firmabam
882 3073 924 3106 su·

390 3137 526 3200 spicionem
547 3150 643 3193 meam,
668 3140 747 3184 toturn
762 3136 829 3184 hunc
842 3139 925 3185 locum

389 3217 566 3276 interpolatum
586 3228 647 3262 esse.
689 3215 798 3262 Primum
823 3220 926 3263 conten·

391 3292 495 3352 debam,
511 3291 548 3340 his
563 3292 711 3352 interpositis
722 3293 869 3354 interrumpi
875 3293 928 3341 eius

391 3371 571 3434 praeceptionis
578 3385 685 3428 cursum,
699 3385 771 3431 quam
780 3371 882 3419 Crassus
889 3371 927 3417 in-

392 3452 465 3510 dea§
475 3452 522 3498 149
530 3452 680 3511 susceperat,
695 3453 722 3498 ut
729 3447 928 3498 adolescentibus

393 3530 528 3592 explicaret
552 3542 656 3589 quarum
680 3541 764 3576 rerum
787 3528 929 3576 exercitatio

393 3607 535 3669 usurpanda
560 3611 624 3654 esset
648 3606 690 3664 iis,
713 3606 755 3666 qui
774 3607 801 3654 in
820 3607 930 3654 stodiam

393 3685 595 3749 inprederentar,
617 3698 728 3745 quaeque
748 3699 789 3733 eos
805 3689 932 3745 oporteret

392 3764 548 3824 praediscere
568 3766 593 3810 et
612 3764 729 3810 meditari
749 3761 776 3826 (§
799 3763 846 3812 147
864 3761 930 3826 fin),

395 3845 444 3899 aut,
463 3847 491 3888 ut
503 3842 604 3889 Catulus
616 3841 724 3902 loquitur
732 3839 780 3904 (II.
790 3845 802 3900 ξ
812 3839 864 3904 71),
872 3840 934 3902 qaid

395 3921 489 3968 discere
508 3921 621 3980 oporteat
641 3933 709 3975 eam,
731 3921 773 3980 qui
793 3921 880 3966 orator
897 3920 933 3967 ait

390 3998 509 4058 foturus.
534 3999 633 4058 Itaque,
652 3999 746 4059 quum,
756 4001 813 4058 post
826 3997 886 4055 alia,
901 3997 933 4044 de

314 4073 317 4077 ’
396 4077 514 4125 memoria
535 4077 673 4124 exercenda
693 4075 844 4134 monuisset,
865 4081 933 4123 recte

397 4154 434 4202 his
461 4152 558 4202 subiicit
583 4154 679 4214 reliqua
700 4151 726 4216 (t
749 4155 796 4202 158
817 4152 881 4217 sq.),
901 4153 933 4201 de

397 4230 564 4293 compluribus
591 4232 644 4279 aliis
672 4246 734 4292 quae
755 4232 873 4280 discenda
893 4247 932 4280 es·

396 4315 466 4366 sent3
490 4309 698 4369 quemadmodum
718 4310 799 4370 ipsum
819 4310 884 4357 illud
901 4310 933 4358 de

398 4387 503 4450 leaendia
518 4388 601 4448 poena
620 4391 668 4434 cet.
703 4401 760 4434 cum
778 4387 822 4435 illa
839 4387 932 4436 exerci-

397 4465 489 4513 tatione
508 4465 666 4527 coniungitur
679 4465 729 4512 111.
746 4469 758 4523 ξ
774 4465 831 4513 125.
866 4466 932 4513 Con·

398 4547 444 4600 tra,
460 4557 496 4601 ea,
513 4557 575 4604 qnae
587 4557 653 4591 nuuc
660 4547 842 4604 proponuntur,
857 4549 934 4607 agunt
957 4596 960 4606 ‚

969 1806 1001 1855 de
1014 1805 1182 1868 periclitandis
1199 1805 1293 1868 ingenii
1305 1805 1399 1855 viribus
1412 1807 1439 1855 in
1452 1807 1506 1855 acic

967 1884 1075 1942 rorensi,
1092 1884 1118 1931 id
1133 1884 1199 1944 quod
1211 1888 1264 1932 toto
1276 1898 1368 1946 genere
1379 1885 1506 1933 diversum

969 1968 1021 2019 est,
1046 1968 1072 2011 et
1083 1967 1182 2020 tamen,
1206 1967 1234 2010 ut
1247 1968 1351 2024 apparet
1364 1977 1395 2009 ex
1408 1964 1505 2011 Adver-

968 2039 1010 2087 bio
1017 2041 1112 2098 111111,
1125 2041 1173 2089 hoc
1178 2040 1212 2088 ita
1219 2045 1434 2099 commemoratur,
1441 2047 1507 2089 tam·

970 2133 1043 2179 quam
1064 2118 1084 2167 si
1104 2132 1134 2166 ea
1151 2132 1207 2179 pars
1220 2123 1284 2167 esset
1296 2119 1396 2166 illarum
1411 2119 1505 2167 exerei-

967 2197 1103 2254 tationum,
1118 2195 1206 2257 quibus
1220 2196 1289 2257 quasi
1299 2196 1400 2245 ludicris
1406 2198 1506 2258 praedi-

970 2289 1039 2323 scere
1060 2281 1086 2323 et
1105 2274 1218 2323 meditari
1235 2279 1363 2336 oporteret
1380 2290 1425 2332 ea,
1443 2290 1506 2337 quae

970 2354 1066 2415 agenda
1084 2357 1142 2400 sunt
1154 2353 1180 2400 in
1192 2352 1263 2411 foro,
1278 2367 1354 2413 quum
1366 2345 1452 2402 tamen
1466 2368 1506 2402 or·

970 2432 1028 2481 dine
1051 2431 1115 2478 illud
1138 2432 1260 2492 posterius
1279 2436 1359 2488 esset,
1387 2436 1417 2480 ut
1438 2437 1507 2481 recte

970 2508 1002 2558 ab
1022 2509 1131 2558 Antonio
1150 2509 1307 2571 distinguitur
1326 2510 1363 2557 ΙΙ.
1385 2514 1398 2567 §
1419 2511 1452 2558 99
1466 2511 1508 2573 (at

970 2588 1102 2649 aliquanda
1128 2587 1163 2633 ad
1190 2602 1277 2636 111111
1301 2587 1450 2635 deducamus
1477 2591 1506 2636 il·

971 2665 1045 2730 lam.)
1065 2691 1100 2701 —
1119 2666 1232 2714 Alterum
1245 2672 1434 2728 argumentum,
1459 2682 1508 2728 quo

971 2742 1109 2793 obtinerem
1127 2744 1174 2792 ista
1192 2743 1340 2806 interpolata
1351 2760 1420 2804 esse,
1437 2753 1508 2807 pete·

971 2821 1028 2870 bam
1043 2837 1057 2870 1
1068 2821 1215 2880 verborum,
1230 2822 1317 2884 quibus
1329 2823 1374 2871 illa
1387 2826 1510 2873 sententis

972 2905 1082 2958 constat,
1096 2901 1204 2948 delectu.
1239 2901 1304 2959 Quid
1317 2902 1384 2948 enim
1397 2901 1445 2950 sibi
1454 2905 1511 2951 vult

971 2981 1035 3027 illud
1061 2981 1168 3028 danda?
1208 2980 1318 3028 Effundit
1340 2981 1458 3039 Crassus,
1483 2988 1512 3030 ut

972 3059 1026 3120 ipse
1046 3059 1122 3116 §159
1135 3059 1260 3119 appellat,
1284 3060 1427 3120 complura,
1448 3075 1511 3122 quae

974 3136 1161 3194 exercitatione,
1175 3151 1227 3184 non
1240 3141 1305 3193 arta,
1323 3142 1453 3196 constant,
1468 3140 1512 3196 sed

975 3215 1045 3263 nub
1058 3215 1160 3272 ordine,
1174 3229 1221 3262 nec
1234 3219 1270 3272 ut,
1285 3215 1343 3276 quid
1356 3217 1438 3276 prius,
1452 3217 1513 3277 quid

975 3293 1096 3357 posterius
1115 3294 1263 3341 servandum
1288 3293 1333 3352 sit,
1347 3294 1513 3356 significetur,

975 3372 1002 3419 in
1029 3385 1106 3431 eaque
1133 3371 1318 3419 enumeratione
1341 3373 1412 3419 nulla
1437 3373 1514 3421 utitur

976 3449 1165 3507 coniunctione,
1185 3454 1283 3510 praeter
1302 3451 1367 3517 iam,
1392 3456 1418 3498 et
1429 3453 1514 3500 etiam.

978 3531 1041 3576 Tum
1055 3529 1158 3576 educere
1170 3528 1301 3576 dictionem
1314 3529 1420 3576 mediam
1433 3531 1460 3576 in
1470 3544 1515 3590 aa·

978 3621 1034 3653 men
1052 3606 1087 3653 sic
1107 3605 1213 3663 dictum,
1233 3611 1262 3654 ut
1278 3608 1348 3653 nulla
1360 3607 1456 3655 ratione
1469 3609 1515 3656 de-

978 3684 1049 3733 fendi
1067 3683 1153 3744 possit.
1187 3684 1289 3746 Proprie
1306 3685 1396 3732 dicitur
1412 3686 1517 3734 educere

980 3762 1118 3810 exercitam
1130 3760 1247 3825 (nempe,
1263 3777 1276 3810 1
1290 3761 1388 3826 castris)
1401 3765 1429 3810 in
1441 3778 1516 3824 eape-

981 3841 1113 3898 ditionem,
1133 3839 1217 3888 Divin.
1238 3841 1250 3887 l
1272 3845 1284 3899 §
1307 3841 1352 3899 72,
1366 3843 1470 3904 figurate
1485 3858 1519 3889 ea

981 3919 1103 3981 anqustiis
1115 3920 1238 3966 oratorem
1252 3920 1362 3978 educere,
1384 3935 1474 3982 nempe
1490 3928 1519 3969 ut

981 3994 1010 4053 is,
1022 4001 1120 4058 praeter
1125 3991 1237 4044 forenses
1244 3998 1431 4056 controversias,
1438 4000 1517 4046 maxi·

981 4089 1034 4122 mas
1054 4087 1151 4134 quoque
1170 4089 1211 4122 res
1230 4079 1332 4133 tractet,
1346 4075 1424 4134 infra,
1440 4077 1489 4125 111.
1506 4082 1518 4136 5

985 4153 1043 4201 126:
1065 4153 1110 4200 sed
1128 4151 1203 4200 facila
1222 4153 1369 4216 intelligitur
1389 4155 1424 4202 sic
1436 4155 1520 4216 ipsum

981 4233 1105 4278 orotmem
1125 4231 1211 4288 educi,
1232 4246 1283 4279 non
1304 4232 1356 4280 eius
1370 4233 1519 4291 dictinum,

981 4309 998 4356 i.
1013 4322 1036 4356 e.
1050 4309 1092 4356 vel
1105 4308 1258 4367 orationem,
1274 4311 1317 4358 111
1330 4309 1429 4358 dicendi
1440 4324 1520 4372 genus

981 4385 1025 4436 aut
1042 4386 1200 4445 facultatem,
1219 4387 1296 4452 (sicut
1309 4389 1339 4435 de
1353 4388 1407 4450 ipso
1422 4393 1520 4437 oratore

981 4470 1049 4514 recte
1070 4463 1159 4512 dicitur
1176 4467 1214 4513 aic
1233 4467 1373 4514 instructae
1390 4467 1523 4515 1111111

983 4557 1083 4600 cauam,
1101 4544 1170 4592 Orat.
1186 4548 1198 4602 ξ
1215 4542 1283 4607 121),
1298 4545 1426 4604 multoque
1439 4545 1520 4594 minus
