3242 5500
351 548 419 616 256
664 562 776 610 nisus
803 561 1005 610 suounnus.
1034 543 1051 623 §
1077 542 1160 611 335.

350 738 387 810 id
420 737 601 821 convenit,
637 741 790 807 uertatur
824 742 942 806 utrum
973 729 1149 804 honestati
1174 732 1312 827 potius,
1340 756 1385 803 an
1413 733 1483 805 uti·

350 847 439 919 litati
477 844 733 918 consulendum
768 838 843 938 sit]
898 844 999 917 Quae
1031 842 1115 937 quia
1139 864 1298 935 pugnare
1324 841 1418 913 inter
1443 866 1482 913 se

350 980 453 1053 saepe
489 955 670 1037 videntur,
708 952 770 1048 qui
807 951 998 1024 utilitatem
1034 950 1218 1035 defendet,
1258 951 1482 1023 enumerabit

349 1064 531 1137 commoda
563 1062 679 1157 paeiS,
713 1085 843 1156 opum,
877 1059 1075 1155 potentiae,
1108 1058 1352 1153 vectigalium,
1380 1086 1478 1155 prae·

351 1173 451 1260 sidii‚
495 1172 668 1255 militum,
712 1177 906 1242 ceterarum
950 1193 1087 1253 rerum,
1129 1192 1279 1263 quarum
1322 1168 1480 1241 fructum

350 1282 500 1355 utilitate
537 1281 719 1364 metimur,
753 1279 911 1373 itemque
948 1277 1170 1349 incommoda
1205 1276 1506 1352 contrariorum?

351 1392 424 1467 Qui
459 1392 505 1464 ad
538 1390 751 1486 dignitatem
780 1388 960 1483 impellet,
987 1388 1159 1466 maiorum
1183 1387 1361 1482 exempla,
1388 1412 1482 1482 quae

350 1509 453 1572 erunt
488 1500 543 1571 vel
580 1523 660 1571 omn
698 1497 854 1593 periculo
886 1496 1053 1591 gloriosa,
1078 1496 1236 1590 colliget,
1262 1498 1481 1597 posteritatis

349 1607 583 1680 immortalem
625 1606 829 1679 memoriam
866 1604 1031 1700 augebit,
1069 1605 1260 1678 utilitatem
1294 1630 1338 1677 ex
1373 1606 1481 1677 laude

348 1718 444 1789 nasei
481 1716 666 1801 defendet,
706 1740 912 1810 semperque
949 1739 1026 1786 eam
1064 1738 1146 1786 eum
1187 1715 1364 1810 dignitate
1400 1740 1481 1788 esse

277 1845 324 1891 3³6
348 1828 583 1900 coniunctam.
626 1824 714 1910 Sed,
749 1824 837 1918 quid
875 1823 951 1895 fieri
987 1826 1116 1918 possit,
1150 1832 1211 1895 aut
1244 1848 1316 1895 non
1346 1826 1479 1920 possit,

350 1935 507 2031 quidque
540 1936 644 2005 etiam
679 1933 725 2005 sit
758 1918 920 2018 necesse,
957 1940 1017 2004 aut
1053 1957 1125 2004 non
1158 1932 1220 2017 sit,
1258 1933 1295 2005 in
1325 1941 1480 2027 utreque

349 2070 386 2116 re
410 2044 561 2116 maxime
586 2049 638 2115 est
662 2041 914 2137 quaerendum.
955 2040 1129 2113 Inciditur
1155 2040 1249 2112 enim
1273 2043 1389 2113 omnis
1414 2043 1480 2114 de-

349 2152 525 2239 liberatio,
550 2152 579 2225 si
602 2151 814 2246 intelligitur
838 2174 908 2221 non
926 2174 1028 2245 posse
1046 2150 1139 2237 fieri,
1161 2158 1222 2222 aut
1241 2151 1270 2222 si
1286 2153 1480 2224 necessitas

348 2264 507 2335 affertur:
535 2270 570 2333 et
595 2260 717 2356 quiid
743 2260 883 2345 docuit,
910 2284 980 2331 non
1003 2259 1206 2331 videntibus
1223 2260 1320 2347 aliis,
1346 2262 1376 2332 is
1394 2261 1479 2355 plu-

274 2395 320 2445 ssr
345 2373 475 2445 rimum
487 2370 586 2443 vidit.
614 2369 672 2441 Ad
689 2369 876 2441 eonsilium
893 2376 1010 2441 autem
1027 2368 1071 2439 de
1088 2394 1125 2441 re
1142 2369 1284 2465 publiea
1301 2370 1479 2457 dandum,

348 2489 459 2577 eaput
482 2488 534 2551 est
558 2503 661 2551 nosse
683 2502 756 2549 rem
779 2478 979 2574 publicam,
1005 2479 1051 2549 ad
1075 2478 1265 2550 dicendum
1285 2504 1368 2551 vero
1392 2505 1479 2575 pro-

350 2590 533 2675 babiliter,
568 2612 671 2659 nosse
705 2611 819 2659 mores
851 2588 1019 2671 civitatis,
1053 2588 1114 2683 qui
1145 2587 1228 2683 quia
1252 2588 1373 2660 erebro
1395 2614 1479 2661 mu-

349 2707 487 2786 tantur,
525 2722 638 2794 genus
671 2720 812 2793 quoque
838 2696 1011 2768 orationis
1035 2704 1089 2768 est
1115 2720 1218 2791 saepe
1243 2698 1480 2774 mutandum:

351 2819 401 2896 et,
439 2832 653 2905 quamquam
687 2831 759 2878 uua
793 2807 864 2877 fere
900 2806 953 2878 vis
986 2814 1038 2877 est
1070 2806 1310 2901 eloquentiae,
1334 2815 1480 2897 tamen,

352 2919 436 3015 quia
468 2941 605 2990 summa
631 2915 788 3011 dignitas
817 2923 871 2987 est
896 2915 1038 3011 populi,
1069 2916 1273 3010 gravissima
1297 2942 1401 2990 eausa
1428 2920 1481 2992 rei

352 3244 537 3306 distinguuntur
558 3238 778 3288 Coniunctionibus
798 3241 843 3289 aut
857 3268 890 3276 —-
940 3241 1006 3303 gitur
1013 3241 1122 3302 quidsit:
1138 3242 1255 3289 nonitem
1262 3245 1482 3304 commedaopum,

352 3324 404 3370 aut.
446 3322 592 3377 Praeterea,
617 3324 776 3381 praepostere
796 3334 836 3368 res
856 3319 890 3367 ita
935 3320 1078 3380 potentiae,
1103 3320 1150 3367 nisi
1170 3319 1234 3368 torte
1254 3321 1304 3368 sint
1324 3322 1350 3369 hi
1370 3324 1483 3372 Genitivi

351 3400 512 3461 proponitur,
533 3403 561 3446 ut
580 3399 648 3458 prius
668 3403 776 3446 certetur
796 3399 828 3446 de
846 3412 889 3455 eo,
940 3397 1102 3460 epexegetiei.
1142 3398 1192 3446 Sed
1215 3399 1340 3459 quomodo
1360 3414 1434 3459 opes,
1458 3407 1484 3450 et

352 3481 437 3526 utram
451 3478 485 3524 eit
498 3476 586 3523 utilius
600 3475 638 3539 (in
646 3475 733 3538 quibus
741 3475 810 3526 abest
817 3477 889 3525 etiam
934 3476 1063 3535 potentie,
1078 3490 1140 3536 quae
1154 3475 1309 3540 singulorum
1321 3492 1375 3526 esse
1387 3479 1483 3537 solent,

351 3557 393 3615 id,
421 3555 488 3618 quod
515 3553 648 3602 dicendum
672 3554 769 3610 fuerat,
799 3553 891 3602 duobus
940 3556 965 3601 et
984 3554 1136 3614 reliquorum
1156 3554 1276 3602 invidiam
1293 3556 1414 3613 excitare,
1431 3558 1483 3605 uti·

348 3634 485 3696 propositis
510 3629 639 3691 attribuet,
669 3637 694 3680 et
712 3636 769 3692 post
789 3631 890 3680 demum
939 3631 1008 3680 litate
1028 3633 1197 3680 commendari
1217 3637 1338 3694 possunt?
1373 3637 1482 3683 Utrum·

352 3712 440 3777 (qaum
453 3713 481 3758 td
493 3709 615 3773 convenit)
629 3713 736 3758 certetur
747 3711 834 3757 utram
848 3711 894 3758 lm·
939 3723 988 3768 que
1015 3709 1103 3758 vocab.
1123 3715 1192 3759 reete
1212 3712 1314 3773 ponitur
1334 3713 1406 3762 Offie.
1429 3715 1483 3762 ΙΙΙ.

353 3791 445 3837 aestati
452 3790 547 3850 potius,
563 3802 596 3836 aa
602 3788 710 3836 utilitati
718 3789 891 3836 aemulandam
940 3790 953 3844 ξ
967 3789 1010 3843 36,
1031 3803 1104 3849 quem
1111 3790 1208 3846 locum,
1222 3790 1311 3838 melius
1317 3791 1484 3840 constitutum

352 3870 395 3916 stt.
437 3868 523 3928 Ipsum
549 3866 597 3914 hoc
624 3865 745 3914 honestati
766 3870 891 3916 consulere
940 3871 965 3916 et
985 3866 1145 3925 distinctum,
1166 3867 1319 3916 adscribam:
1337 3869 1395 3917 tine
1406 3885 1484 3930 apem

353 3945 467 4006 equidem
481 3958 528 3991 nee
540 3944 634 3992 ratione
643 3945 702 4003 ulla,
717 3959 797 4006 neque
805 3950 890 3994 aueto-
940 3946 1087 4002 nimiarum,
1109 3947 1166 3992 line
1181 3947 1311 4005 potentiae
1331 3948 1484 4007 nossem·

352 4024 424 4072 ritate
438 4021 539 4070 defendi
551 4036 623 4084 posse
638 4018 710 4082 puto,
727 4027 754 4070 ut
767 4024 798 4071 sit
810 4023 890 4081 idem,
941 4024 986 4070 dae
994 4057 1001 4080 ,
1010 4025 1137 4084 postremo
1151 4025 1226 4071 etiam
1239 4053 1274 4060 —
1285 4026 1485 4088 repuaudieoest-

353 4101 420 4163 quod
435 4102 477 4148 vel
490 4099 730 4160 aequiloneetatem,
743 4102 892 4161 veloperam
940 4102 1012 4148 stunt
1039 4103 1205 4163 cupiditates:
1234 4104 1312 4166 vulgo
1330 4108 1355 4152 et
1372 4105 1484 4153 alterum

354 4182 414 4228 dare
428 4179 560 4228 honestati.
941 4181 999 4228 lime
1017 4179 1101 4238 abest,
1126 4186 1152 4229 et
1171 4186 1229 4242 post
1245 4195 1295 4230 non
1307 4180 1433 4241 ferendae
1446 4183 1485 4232 ita

387 4259 428 4320 qm*
441 4259 578 4305 utilitatem
592 4255 717 4316 defendet.
739 4257 892 4306 Dissentiens
940 4258 1137 4322 interpungitur,
1166 4259 1235 4320 quasi
1258 4273 1331 4320 opum
1350 4260 1486 4319 potentiae

354 4352 368 4384 a
388 4336 527 4384 novissimis
547 4333 704 4392 Editoribus,
726 4338 751 4382 et
765 4334 805 4382 hie
819 4348 892 4383 revo-
940 4337 1068 4399 iungenda
1087 4341 1195 4397 esseut,¹
1206 4342 1233 4386 et
1247 4339 1376 4397 potentiae
1392 4340 1486 4386 Nomi-

354 4415 408 4462 csvi
428 4413 557 4474 defendet,
579 4427 624 4474 pro
642 4413 711 4474 vulg.
726 4413 855 4473 defendit,
869 4418 894 4462 et
942 4415 1040 4463 nativas
1053 4416 1118 4476 plur.
1133 4419 1207 4473 esset,
1219 4430 1272 4463 non
1279 4415 1408 4464 Genitivus
1414 4417 1486 4480 sing.

355 4506 412 4540 mox
425 4493 549 4550 impellet,
568 4504 613 4552 pro
628 4491 742 4552 impellit.
942 4491 1054 4552 pendens
1080 4506 1094 4538 a
1116 4493 1274 4552 cupiditates.
1316 4492 1400 4540 Simile
1419 4493 1489 4554 quid

333 4632 336 4639 Ι
389 4571 510 4616 commoda
527 4568 605 4628 parts.
641 4567 723 4616 Facile
739 4567 786 4614 hoe
800 4567 892 4615 intelli·
942 4571 1009 4617 valet
1029 4570 1054 4616 in
1073 4568 1154 4617 verbis
1164 4569 1300 4630 praesidii,
1314 4570 1434 4628 militum,
1448 4573 1487 4619 -sd
