3242 5500
457 573 571 623 muna
597 573 767 625 ruamus.
795 558 814 638 i
842 557 923 626 160.
1184 560 1262 628 343

128 744 183 816 vel
206 743 304 839 quod
328 745 379 830 is,
406 747 468 840 qui
488 747 608 832 audit,
634 747 703 818 alio
728 747 869 820 ducitur
885 747 1113 842 cogitatione,
1140 774 1255 845 neque

127 862 247 925 tamen
284 853 442 940 aberrat,
478 879 568 952 quae
598 856 751 928 maxima
776 864 828 928 est
852 855 1052 942 delectatio,
1078 857 1133 930 vel
1160 858 1256 955 quod

127 963 281 1058 singulis
326 963 441 1036 verbis
483 989 539 1036 res
581 989 621 1037 ae
662 973 776 1037 totum
817 965 930 1037 simile
964 967 1164 1054 conficitur,
1201 969 1256 1040 vel

126 1071 224 1168 quod
247 1073 363 1144 omnis
385 1073 588 1158 translatio,
615 1097 705 1168 quae
729 1074 873 1169 quidem
899 1083 1015 1147 sumta
1036 1075 1171 1149 ratione
1189 1085 1254 1164 est,

125 1181 173 1253 ad
197 1205 322 1253 sensus
347 1181 441 1278 ipsos
464 1182 689 1268 admovetur,
715 1183 867 1254 maxime
889 1184 1090 1270 oculorum,
1118 1186 1179 1280 qni
1202 1196 1254 1275 est

125 1315 252 1362 sensus
280 1291 481 1364 acerrimus,
532 1291 625 1365 Nam
660 1299 695 1364 et
726 1292 811 1365 odor
829 1293 1059 1370 urbanitatis,
1085 1303 1120 1366 et
1142 1295 1254 1368 molli·
1282 1313 1326 1358 1⁰1

125 1399 210 1473 tado
242 1399 489 1488 inmanitatis,
522 1409 556 1474 et
577 1427 737 1474 murmur
757 1403 885 1486 maria,
912 1411 946 1474 et
966 1403 1107 1478 dulcedo
1129 1404 1255 1478 oratio·

124 1509 183 1582 aia
217 1517 300 1582 sunt
335 1509 441 1582 ducta
471 1535 492 1582 a
520 1513 644 1583 ceteris
674 1511 855 1584 sensibus:
886 1512 947 1584 illa
969 1537 1049 1584 vero
1074 1512 1254 1586 oculorum

125 1618 240 1690 multo
264 1619 412 1706 acriora,
439 1644 529 1716 quae
553 1628 691 1716 ponunt
716 1645 827 1716 paene
851 1622 889 1693 in
912 1630 1101 1717 conspectu
1122 1623 1253 1709 animi,

124 1751 216 1823 quae
245 1751 386 1801 eernere
410 1736 446 1800 et
469 1729 586 1800 videre
609 1753 680 1800 non
705 1754 905 1826 possumus.
932 1803 934 1807 ,
958 1731 1059 1803 Nihil
1084 1740 1137 1804 est
1160 1732 1254 1804 enim

123 1837 161 1908 in
183 1860 302 1908 rerum
326 1846 471 1923 natura,
498 1838 598 1910 cuius
619 1863 683 1910 nos
707 1862 779 1910 non
799 1841 837 1910 in
862 1839 940 1912 aliis
956 1839 1062 1913 rebus
1079 1841 1254 1936 possimus

122 1945 176 2018 uti
199 1945 370 2018 vocabulo
391 1955 425 2018 et
447 1948 602 2019 nomine.
652 1947 756 2020 Unde
779 1948 873 2020 enim
898 1949 1011 2021 simile
1034 1949 1116 2022 duci
1140 1959 1254 2046 potest

125 2058 256 2150 (potest
291 2063 410 2127 autem
446 2081 489 2127 ex
525 2057 728 2144 omnibus),
766 2057 925 2162 ipdidem
953 2058 1099 2131 verbum
1119 2084 1252 2146 unum,

123 2164 219 2259 quod
255 2163 525 2238 similitudinem
558 2167 734 2251 continet,
771 2150 978 2239 translatum
1008 2167 1127 2240 lumen
1152 2170 1253 2244 affert

122 2273 285 2346 orationi.
337 2275 420 2350 Quo
455 2275 492 2346 in
528 2299 656 2370 genere
691 2274 847 2371 primum
881 2276 1049 2371 fugienda
1074 2286 1127 2350 est
1149 2278 1251 2350 dissi·
1278 2301 1326 2348 res

123 2382 304 2469 mititud0;

171 2551 258 2625 coeli
281 2551 434 2651 inpariter
448 2549 627 2648 fernam:

124 2710 285 2806 quamvis
298 2709 482 2805 sphaeram
494 2711 530 2783 in
545 2735 684 2784 scenam
702 2715 756 2799 (ut
769 2712 912 2805 dicitur)
929 2715 1085 2788 attulerit
1097 2716 1247 2805 Ennius,

121 2829 241 2892 tamen
265 2820 302 2892 in
327 2820 473 2920 sphaera
495 2821 637 2893 fornicis
661 2812 854 2894 similitudo
875 2848 946 2895 non
972 2834 1088 2921 potest
1110 2827 1244 2901 inesse:

167 2990 242 3064 rire
268 2988 409 3076 Ultores,
436 2990 520 3063 elom
541 2990 634 3074 licet,

168 3098 277 3173 oculis
292 3113 507 3193 postremam
528 3099 642 3173 laureo
663 3100 842 3175 radiatam
863 3127 965 3199 rape:

120 3281 189 3329 non
228 3256 319 3328 dixit
353 3281 456 3351 cape,
494 3282 565 3329 non
596 3271 697 3353 pcte;
722 3259 867 3333 haberet
891 3262 986 3334 enim
1008 3238 1141 3337 moram
1166 3292 1243 3365 spe-

118 3367 229 3439 rantis
252 3366 386 3437 diutius
408 3390 484 3438 esse
505 3367 697 3454 victurum3
726 3367 787 3441 sed
810 3394 914 3463 rape:
941 3370 1006 3443 hoo
1027 3372 1173 3447 verbum
1191 3392 1243 3455 est

117 3475 162 3547 ad
185 3475 226 3546 id
248 3481 430 3570 aptatum,
457 3474 549 3571 quod
575 3485 657 3549 ante
682 3477 838 3563 dixerat,
864 3477 947 3551 darn
979 3478 1063 3555 licet.

150 3805 209 3853 161.
227 3804 326 3851 verbam
344 3815 420 3850 unam
436 3829 471 3838 -—
484 3806 565 3851 lamen
578 3805 655 3864 offert
740 3808 794 3854 162.
820 3806 875 3856 Vive
893 3806 985 3865 Ulixes,
999 3811 1240 3873 -radiatamrapa

115 3882 233 3930 orationi.
251 3881 377 3930 Revocavi
390 3882 479 3941 afferi,
493 3896 539 3942 pro
553 3881 654 3943 quesiti
704 3884 792 3933 Alieno
816 3884 872 3932 loco
893 3886 993 3946 ponitur
1013 3887 1062 3935 hoe
1082 3891 1239 3951 exemplum,

115 3960 172 4009 iibri
191 3960 298 4021 afferre,
326 3960 526 4008 commendatum
546 3974 561 4007 a
581 3962 653 4008 Mad·
703 3976 750 4010 nec
770 3963 901 4024 quiequam
921 3964 1029 4025 pertinet
1048 3966 1080 4013 ad
1095 3958 1154 4017 'cam
1167 3984 1240 4030 prae·

116 4040 190 4103 vigio.
215 4038 323 4088 Difficile
337 4043 374 4087 est
387 4038 468 4096 enirn,
482 4039 508 4086 in
516 4038 653 4100 hacbipar·
703 4040 857 4101 ceptionem,
873 4056 947 4103 qnam
961 4044 1035 4091 modo
1048 4044 1172 4108 ingressus
1187 4052 1240 4096 erat

114 4117 158 4166 tite
178 4117 314 4173 cenantis,
329 4116 355 4163 in
368 4116 412 4164 illo
430 4116 557 4165 Infinitivo
568 4116 654 4166 sabin·
698 4110 820 4175 Crassus,
842 4120 901 4180 quid
920 4120 946 4169 in
959 4120 1003 4169 iilo
1016 4124 1181 4173 nausiarendi
1195 4140 1237 4188 ge·

115 4197 228 4259 telligere
243 4198 342 4256 pateat,
363 4210 393 4243 ex
410 4196 489 4244 altera
501 4200 572 4257 parte
585 4210 651 4244 ossa·
701 4210 760 4243 nere
774 4201 838 4245 esset
849 4198 986 4246 vitandum.
1005 4201 1092 4261 Aptior
1104 4202 1172 4251 locus
1182 4202 1238 4250 hnic

115 4275 249 4331 mendum,
270 4277 366 4321 mutato
386 4273 411 4321 in
432 4274 516 4335 primis
533 4273 653 4323 subiecto.
701 4276 816 4336 exemplo
843 4281 907 4323 estet
933 4276 958 4323 in
980 4279 1028 4326 fine
1053 4282 1066 4336 ξ
1093 4280 1153 4336 158,
1181 4285 1238 4341 post

115 4351 200 4413 Neque
214 4352 297 4414 agitur
311 4352 343 4399 de
356 4365 399 4409 eo,
414 4353 481 4413 quod
495 4352 547 4401 fieri
560 4352 651 4413 possit,
701 4351 777 4400 verba
796 4367 845 4400 uno
861 4355 1000 4417 ripaistcaia
1015 4356 1145 4405 translato.
1181 4361 1236 4406 Non

114 4431 202 4479 redde
217 4430 356 4478 necessario
370 4435 462 4479 eventu
473 4430 539 4479 iilius
546 4432 652 4479 mansla-
701 4430 805 4478 attendit
825 4431 955 4481 Pideritius
976 4434 1041 4481 hanc
1061 4450 1140 4483 meam
1156 4436 1234 4499 suspi-

113 4509 201 4566 tionis,
223 4508 242 4557 si
257 4508 332 4557 modo
346 4514 413 4557 reete
427 4514 508 4557 sumta
521 4510 562 4558 sit:
579 4510 651 4557 etsie
701 4508 812 4567 cionem,
834 4510 878 4557 sed
898 4511 1087 4573 discrepantiam
1108 4516 1234 4575 exemplo·

113 4587 222 4648 loquitur
237 4591 249 4645 ξ
265 4587 324 4635 166.
700 4602 754 4633 rum
769 4587 831 4634 miro
846 4589 919 4637 modo
933 4594 1023 4638 tuetur.
