3242 5500
432 568 545 617 urana
571 549 819 637 suesanus&
844 549 927 619 357.
1173 545 1242 614 265

116 762 158 810 ex
180 738 348 812 omnibus
371 741 499 813 nostris
518 738 678 813 sensibus
696 763 771 810 esse
789 762 931 811 sensum
949 738 1107 826 videndi;
1137 763 1244 834 quare

114 847 284 920 facillime
325 849 443 921 animo
484 850 595 921 teneri
625 874 727 945 posse
762 872 822 934 ea,
859 873 950 943 quae
982 849 1245 946 perciperentur

114 956 285 1044 auribus,
313 967 374 1031 aut
396 958 629 1054 cogitatione,
657 960 686 1030 si
709 958 814 1030 etiam
838 958 1141 1031 commendatione
1162 983 1243 1031 oeu-

115 1068 234 1139 lorum
257 1068 385 1140 animis
406 1068 642 1153 moderantum
668 1076 708 1140 ut
731 1092 785 1140 res
811 1092 929 1141 caecas
955 1077 990 1141 et
1016 1068 1060 1140 ab
1082 1076 1245 1163 aspectus

114 1177 250 1250 iudicio
287 1186 437 1251 remotas
471 1177 700 1251 conformatio
732 1178 926 1273 quaedam,
964 1186 1001 1251 et
1033 1178 1176 1273 image,
1211 1186 1245 1249 et

114 1289 235 1383 figura
269 1288 320 1360 ita
354 1295 512 1374 notaret,
550 1295 590 1360 ut
624 1312 684 1375 ea,
722 1312 812 1383 quae
843 1288 1032 1384 cogitando
1060 1288 1246 1384 complecti

114 1422 191 1469 non
216 1422 421 1494 possemus,
448 1397 619 1471 intuendo
643 1398 744 1494 quasi
770 1405 981 1471 teneremus.
1034 1396 1102 1469 His
1127 1406 1245 1469 autem
1271 1424 1318 1469 aaa

114 1508 242 1579 formis
289 1515 393 1603 atque
435 1506 660 1603 corporibus,
705 1507 795 1581 sicut
829 1507 1014 1594 omnibus,
1053 1532 1144 1605 quae
1179 1506 1244 1578 sub

114 1627 304 1714 aspectum
333 1618 501 1705 veniunt,
529 1618 610 1691 sede
632 1642 720 1713 opus
741 1625 813 1689 est:
842 1618 972 1689 etenim
995 1643 1121 1715 eorpus
1142 1618 1245 1689 intel·

107 1728 184 1825 ligi
207 1728 290 1815 sina
305 1728 380 1801 loco
403 1753 475 1800 non
498 1735 624 1826 potest.
677 1729 817 1814 Quare,
842 1751 887 1799 ne
910 1728 947 1799 in
969 1753 1006 1800 re
1024 1735 1151 1802 uotaet
1168 1753 1245 1825 per-

114 1838 266 1933 vulgata
288 1838 420 1911 multus
442 1846 477 1910 et
500 1838 655 1911 insolens
679 1837 766 1923 sim,
792 1837 877 1909 locis
895 1845 948 1911 est
965 1838 1138 1910 utendum
1156 1838 1247 1909 mul·

115 1949 187 2035 tis,
227 1947 446 2035 illustribus,
486 1948 686 2044 explicatis,
713 1947 861 2019 modicis
886 1948 1095 2034 intervallis,
1122 1948 1247 2043 imagi·

116 2058 228 2131 nibus
262 2068 379 2132 autem
410 2058 620 2155 agentibus,
658 2057 817 2143 acribus,
844 2082 934 2152 quae
956 2082 1135 2131 occurrere
1159 2058 1247 2131 cele·

115 2168 278 2265 riterque
311 2177 492 2264 percutere
523 2169 682 2240 animum
705 2168 854 2264 possint.
906 2169 1025 2244 Quam
1047 2168 1249 2240 facultatem

117 2287 153 2350 et
190 2277 392 2351 exercitatio
425 2277 544 2364 dabit,
582 2302 624 2349 ex
660 2302 730 2374 qua
760 2278 978 2349 consuetudo
1009 2277 1187 2373 gignitur,
1214 2286 1249 2350 et

117 2387 295 2460 similium
322 2387 508 2460 verborum
531 2411 714 2473 conversa,
742 2396 776 2459 et
797 2386 981 2459 immutata
1004 2387 1163 2473 casibus,
1189 2396 1249 2459 aut

116 2497 284 2571 traducta
306 2506 467 2593 exparte
490 2498 535 2569 ad
555 2521 668 2593 genus
688 2496 845 2582 notatio,
872 2503 906 2569 et
927 2497 1032 2569 unius
1048 2497 1145 2569 verbi
1162 2498 1247 2569 ima-

117 2609 207 2703 gine
250 2606 358 2679 totius
397 2607 592 2679 sententiae
630 2606 852 2692 informati0,
888 2605 1033 2703 pictoris
1066 2607 1250 2679 cuiusdam

118 2716 257 2790 summi
288 2717 423 2790 ratione
451 2724 486 2790 at
519 2717 643 2805 modo,
678 2716 869 2789 formarum
895 2716 1057 2789 varietate
1080 2716 1172 2790 locos
1197 2717 1249 2789 di·

118 2828 354 2923 stinguentis.

172 2937 248 3008 Sed
279 2935 466 3024 verborum
501 2937 688 3022 memoria,
725 2960 814 3032 quae
845 2935 962 3008 minus
985 2945 1038 3008 est
1065 2935 1167 3009 uobis
1189 2960 1249 3007 ne·
1278 2943 1323 3010 88

117 3045 292 3130 cessaria,
319 3046 447 3117 maiore
464 3046 660 3141 imaginum
678 3045 840 3118 varietate
857 3045 1095 3142 distinguitur.
1138 3046 1253 3118 Multa
1278 3073 1324 3117 aaa

117 3353 189 3403 tem,
209 3344 245 3392 ita
260 3347 288 3390 ut
301 3340 377 3390 verba
391 3339 538 3391 admonetur
550 3371 584 3378 —
597 3345 664 3392 enei·
715 3341 875 3399 eaercttatio,
898 3347 923 3389 et
939 3347 996 3390 ante
1009 3344 1127 3390 similium
1140 3347 1251 3394 tollatur.

119 3426 197 3473 tatur
210 3421 368 3477 includeret,
383 3434 459 3481 quum
473 3435 504 3469 ne
518 3421 664 3482 ipsumqui·
716 3420 781 3480 Quis·
801 3434 875 3482 porro
895 3424 933 3467 est
947 3421 1034 3480 pictor
1053 3423 1181 3470 mmmm?
1222 3425 1253 3472 In

118 3505 181 3552 dem
203 3501 334 3548 admoueri
347 3501 487 3547 memoriam
500 3514 545 3561 per
559 3514 585 3548 se
599 3505 666 3549 recte
716 3500 831 3549 extremis
851 3498 955 3547 fortasse
969 3498 1144 3562 corrigendum
1152 3502 1252 3561 sarma-

119 3584 234 3638 dicatnr‚
259 3593 340 3640 neque
360 3579 390 3626 dc
405 3579 537 3626 eaeitauda
550 3580 667 3627 memoria
716 3593 772 3626 rum
792 3577 913 3626 uarietate
929 3576 1034 3637 locisque
1054 3578 1112 3625 diat.
1147 3580 1211 3638 Sed,
1226 3586 1255 3630 ut

119 3674 207 3710 sermo
228 3657 276 3715 sit,
295 3657 338 3705 sed
353 3657 383 3704 de
397 3657 448 3704 eius
462 3656 531 3717 quasi
545 3657 666 3718 praesidio
717 3656 783 3715 dixi,
804 3656 879 3716 plane
900 3655 926 3702 in
946 3654 985 3702 his
1005 3656 1129 3705 caecutio:
1151 3663 1176 3707 et
1192 3659 1254 3707 nihil

120 3753 146 3788 ea
163 3737 334 3786 munimento.
716 3735 820 3785 istorum
844 3734 1008 3796 requirerem,
1030 3734 1065 3793 si,
1086 3735 1136 3784 levi
1157 3751 1253 3786 corree-

156 3831 222 3880 quae
231 3827 363 3863 armarere
370 3813 532 3874 celeriterque
534 3816 668 3873 pereutere
716 3814 784 3862 tione
805 3811 931 3869 adhibita,
952 3812 990 3859 his
1014 3814 1183 3863 contineretur
1203 3821 1255 3866 tota

120 3899 237 3944 animum
254 3893 360 3954 possint.
395 3893 457 3940 Levi
477 3893 612 3940 mutatione
633 3894 668 3940 le·
716 3893 760 3940 illa
773 3891 912 3949 sententia,
927 3905 1032 3954 quarum
1043 3891 1255 3960 (imapiuum)fa·

122 3974 254 4038 gendum,
277 3986 339 4033 quae
358 3984 489 4018 occurrere
509 3971 624 4019 courtier
644 3972 668 4018 et
718 3973 837 4019 cultatem
850 3971 999 4019 exercitatio
1012 3972 1089 4030 dabit,
1104 3989 1137 4021 ea
1144 3990 1192 4035 qua
1200 3990 1255 4023 eou-

117 4055 261 4114 pereutere
280 4069 327 4095 —:
350 4049 444 4097 nonin
466 4048 667 4111 hocpostremo,
718 4049 822 4096 suetudo
843 4050 965 4110 qtqaitur,
1000 4052 1101 4112 Neque,
1125 4052 1146 4100 si
1158 4057 1256 4101 reaten·

121 4133 167 4181 scd
196 4132 224 4179 in
255 4129 407 4178 occurrendo
433 4128 554 4190 postulari
572 4132 669 4189 potarat
719 4128 769 4175 tiae
782 4128 996 4188 infamationem,
1015 4142 1077 4189 quae
1090 4131 1256 4190 imaqiaefiat,

123 4207 254 4261 eeleritaa‘.
717 4206 877 4267 interpretari
896 4206 954 4254 licet
974 4207 1006 4254 de
1025 4206 1106 4256 torma
1120 4213 1145 4257 et
1158 4199 1268 4271 specie,

159 4302 236 4352 quam
251 4285 407 4346 furacitatem
424 4288 450 4333 et
463 4285 612 4333 eaaatauo
625 4286 668 4332 da·
720 4299 796 4347 quae,
812 4299 860 4346 ope
873 4285 995 4348 imaginis,
1014 4287 1150 4335 sententiae
1164 4287 1257 4336 tribua·

123 4370 161 4415 bit
182 4394 226 4413 -.
264 4366 294 4412 ln
316 4362 668 4426 hiscompluraessetateor,
719 4362 877 4428 tur,(Conf.
893 4365 924 4411 N.
939 4365 971 4410 D.
987 4365 1258 4430 usluoetiiislo)

123 4461 190 4509 quae
212 4444 275 4492 mihi
295 4457 368 4504 saepe
387 4441 552 4492 consideranti
566 4441 670 4491 obscura
720 4443 753 4491 ita
780 4447 865 4491 tamen
891 4442 1049 4504 perspicuum
1075 4448 1126 4501 est,
1152 4445 1211 4505 quid
1228 4446 1260 4495 sit

123 4530 193 4583 sunt,
209 4521 401 4584 necquidquam
409 4521 589 4584 mihiprodest,
603 4522 670 4582 quod
720 4522 786 4571 aerii
799 4521 886 4581 imago.

124 4605 254 4666 Kayserus
277 4601 450 4658 commendat,
471 4606 496 4649 ut
510 4602 599 4663 copula
614 4605 670 4648 ante
754 4603 812 4650 359.
830 4602 922 4649 maiore
943 4599 1075 4662 tmaaiaam
1086 4603 1207 4651 varietate
1221 4605 1258 4652 dt-
