3242 5500
426 564 538 614 arnna
563 563 766 614 33333333,
794 548 812 627 §
838 546 920 615 291.
1167 548 1237 616 139

120 731 200 832 que]
235 734 341 821 boni,
375 737 462 832 quid
491 737 592 810 mali:
626 738 724 810 nulla
753 738 848 810 enim
876 738 947 810 fere
975 761 1030 808 res
1060 745 1175 832 potest
1200 737 1237 810 in

120 841 290 941 [dicendi]
318 845 607 941 disceptationem
628 855 690 919 aut
709 848 978 920 controversiam
991 847 1122 932 vocari,
1149 871 1238 943 quae

120 981 185 1028 non
220 954 349 1028 babeat
380 962 571 1050 utrumque
607 950 705 1050 [sed,
739 964 913 1051 quantum
943 955 1091 1042 habeat,
1123 957 1160 1028 id
1184 980 1237 1028 re-

119 1059 212 1160 13311
248 1064 333 1136 Μ33
356 1073 475 1136 autem
499 1065 587 1136 ratio
611 1065 648 1136 in
673 1065 822 1138 dicendo
845 1065 930 1138 haec
952 1090 1027 1138 esse
1052 1067 1156 1152 solet,
1179 1075 1236 1152 ut,
1264 1092 1311 1137 aaa
1360 1075 1363 1082 ’

119 1174 200 1245 1331
225 1174 322 1270 quod
347 1172 494 1260 habeat,
520 1174 557 1245 id
581 1176 784 1270 amplectar,
806 1199 988 1260 exornem,
1011 1199 1237 1271 exaggerem,

119 1283 166 1357 ibi
191 1308 402 1370 commorer,
426 1283 478 1355 ibi
501 1283 679 1370 habitem,
702 1283 752 1356 ibi
777 1284 958 1368 haeream,
983 1284 1107 1355 amalo
1120 1293 1238 1358 autem

120 1393 273 1488 vitioque
305 1387 460 1488 [causae]
495 1393 546 1466 ita
569 1394 749 1481 recedam,
775 1418 847 1464 non
873 1401 911 1464 ut
933 1392 970 1464 id
995 1417 1051 1464 me
1074 1393 1240 1488 defugere

119 1511 303 1598 appareat,
337 1502 399 1575 sed
431 1511 469 1573 ut
501 1511 616 1575 totum
639 1501 732 1574 bono
752 1503 814 1574 illo
838 1500 995 1574 ornando
1021 1511 1055 1574 et
1077 1497 1239 1598 augendo

120 1611 377 1683 dissimulatum
401 1612 580 1684 obruatur.
606 1611 674 1699 Et,
702 1612 731 1683 31
755 1636 859 1684 causa
885 1619 937 1683 est
957 1611 994 1682 in
1008 1613 1238 1706 argumentis

119 1720 318 1792 firmissima
341 1745 500 1816 quaeque
523 1721 675 1792 maxime
695 1716 811 1806 tueor,
839 1721 911 1792 sive
932 1720 1033 1816 plura
1045 1729 1145 1806 sunt,
1169 1722 1240 1793 sive

119 1829 260 1924 aliquod
270 1844 411 1902 unum:
443 1831 497 1902 313
522 1837 641 1902 autem
665 1829 703 1901 in
730 1829 989 1914 conciliatione,
1016 1831 1136 1902 autin
1162 1855 1237 1927 per·

119 1940 272 2011 motione
310 1963 415 2010 33333
456 1947 532 2023 331,
568 1938 613 2011 ad
650 1963 726 2012 eam
759 1963 816 2010 me
839 1939 1061 2034 potissimum
1087 1948 1238 2034 partem,

119 2072 204 2142 quac
228 2048 383 2120 maxime
402 2073 619 2120 commovere
639 2049 774 2122 animos
794 2043 979 2120 hominum
999 2057 1133 2144 potest,
1157 2075 1238 2122 con·

119 2159 198 2229 sero.
253 2157 399 2229 Summa
431 2157 584 2252 denique
617 2157 722 2229 huius
751 2158 889 2253 generis
914 2157 998 2230 haec
1023 2167 1095 2243 est,
1121 2167 1182 2245 ut,
1210 2159 1240 2229 31
1267 2177 1311 2224 aaa

119 2270 153 2337 in
186 2266 380 2367 refellendo
414 2267 610 2338 adversario
639 2268 772 2338 firmior
802 2291 877 2338 esse
906 2267 1036 2352 oratic,
1070 2291 1175 2363 quam
1201 2267 1238 2338 in

119 2375 367 2448 confirmandis
389 2377 517 2448 nostris
542 2376 665 2462 rebus,
690 2384 822 2473 potest,
848 2377 966 2449 omnia
986 2377 1022 2448 in
1044 2377 1145 2449 illum
1170 2377 1240 2448 tela

120 2485 316 2558 conseram:
355 2485 410 2557 sin
443 2495 563 2558 nostra
592 2485 730 2582 probari
765 2485 923 2572 13311133,
961 2511 1067 2582 quam
1102 2487 1162 2558 illa
1185 2511 1238 2557 re-

120 2594 261 2690 dargui,
285 2603 451 2690 possunt,
473 2593 645 2667 abducere
660 2596 1238 2680 animosecontrariadefensione‚

121 2712 153 2775 et
175 2705 219 2777 ad
243 2715 402 2777 nostram
425 2727 531 2777 eonor
554 2704 746 2778 traducere.
781 2704 864 2777 Duo
885 2704 1036 2801 denique
1049 2706 1125 2792 illa,
1151 2729 1240 2802 quae
1266 2729 1313 2774 333

120 3020 324 3080 commendabat,
345 3022 453 3069 babeam.
493 3023 583 3071 Orator
603 3038 655 3071 cm·
706 3038 780 3083 quum
794 3024 853 3080 illa,
879 3036 941 3083 quae
959 3021 1099 3084 diffictliora
1117 3024 1176 3069 eunt
1193 3050 1240 3081 -,
1310 3060 1320 3071 .

115 3104 237 3163 plectitur
257 3115 311 3149 333
331 3114 402 3147 suurn
421 3098 531 3158 bonnm,
553 3102 597 3150 scd
616 3101 655 3159 id,
706 3115 809 3162 nempe,
832 3115 894 3162 quae
914 3100 989 3149 modo
1003 3105 1059 3148 ante
1073 3100 1185 3163 pluribus
1198 3116 1239 3150 ex-

120 3182 182 3241 quod
197 3194 273 3229 causa
286 3178 373 3226 habet.
704 3179 836 3241 plicuerat.

150 3260 242 3306 amalo
255 3260 341 3305 autem
354 3256 460 3317 vitioque
476 3258 600 3319 [caueae]‚
624 3259 657 3306 Et
738 3257 1242 3321 atmolestoautdffciliarpumealo,cut
1265 3295 1266 3298 ,

120 3337 165 3385 hoc
181 3336 299 3398 putidum
313 3333 436 3382 emblema
449 3333 623 3383 abiiciendum.
706 3335 756 3383 loco
769 3336 1174 3397 nonnumquam-respondeam.
1198 3338 1241 3383 ln-

150 3416 280 3479 desupere.
298 3412 430 3474 Proprium
443 3413 492 3460 boc
505 3414 584 3477 magis
596 3412 658 3461 mihi
704 3406 1112 3477 13111333333313333393333133,
1125 3429 1175 3462 333
1182 3415 1240 3463 item

119 3494 228 3550 videtur,
243 3506 320 3554 quam
334 3492 439 3539 alterum
448 3527 454 3548 ,
464 3492 566 3555 supere.
706 3492 819 3554 difficile:
835 3492 915 3539 minus
930 3492 1016 3549 etiam,
1032 3492 1091 3553 quid
1098 3492 1128 3539 sit
1134 3493 1242 3556 difficilia

151 3587 212 3632 quae
225 3571 337 3618 33331333
350 3584 496 3618 commovere
508 3570 601 3618 animoa
614 3570 657 3617 13-
685 3608 689 3616 ,
706 3572 781 3626 13333,
788 3584 864 3631 quum
873 3569 971 3617 1333313
979 3568 1026 3617 hac
1032 3570 1241 3619 demonstratione

120 3652 209 3697 minum
218 3649 317 3710 pateat.
352 3647 486 3710 Diligentia
500 3649 656 3711 mibipoctu-
705 3648 846 3711 appelletur
862 3648 932 3697 sedes
952 3653 994 3697 aut
1010 3647 1066 3696 1333
1082 3654 1240 3711 argumento·

119 3730 169 3777 lure
187 3730 304 3784 videtin,
325 3740 387 3788 quae
399 3728 506 3774 inanime
518 3730 563 3775 cut
576 3728 657 3776 33331-
704 3742 772 3775 rum:
787 3726 898 3775 omnium
910 3726 1018 3784 minime,
1034 3727 1093 3787 quid
1105 3727 1240 3775 311133333-

121 3808 194 3864 licre,
209 3810 257 3853 cat
271 3818 473 3853 commovere—.
649 3851 653 3859 ,
704 3806 832 3865 spondae.
850 3805 1242 3867 Quodadiicitur,uouaarmquam

150 3887 208 3933 294.
232 3885 284 3932 dac
304 3883 409 3943 denique
428 3884 472 3931 illc
490 3909 533 3931 -.
574 3885 657 3943 Quum
705 3885 802 3931 omniuo
822 3884 899 3941 31111,
920 3883 1109 3932 excitavitmibi
1122 3886 1240 3947 suspicio-

120 3963 228 4025 superior
242 3961 383 4018 sententia,
401 3975 464 4021 quae
476 3961 551 4009 totius
565 3962 657 4010 doctri·
705 3976 771 4020 nem,
786 3962 822 4009 sic
836 3976 888 4011 3333
902 3962 1085 4025 corrigendum,
1099 3964 1129 4009 ut
1142 3965 1242 4013 molente

121 4055 164 4089 333
190 4041 262 4102 quasi
290 4039 475 4087 conclusionem
498 4038 656 4097 continebat,
705 4042 849 4103 arpameuto
874 4042 919 4089 act
934 4054 1032 4101 pauca,
1057 4042 1240 4091 3313333333-

120 4126 183 4167 recte
193 4120 221 4167 in
232 4115 656 4181 principiohaberetilluddeaiqae,
706 4133 779 4181 quam
790 4145 833 4167 -.
868 4119 918 4167 Sed
932 4119 994 4187 nihil
1008 4120 1107 4169 definio.

121 4198 160 4246 vix
177 4198 314 4246 ferendum
334 4202 387 4254 cst,
413 4202 441 4245 ut
459 4210 489 4245 33
509 4196 657 4245 coniunctio
739 4198 782 4258 qai
794 4198 920 4259 idfacere
934 4212 981 4245 333
989 4199 1078 4257 poscit.
1102 4198 1241 4248 Ellendtius

121 4291 184 4324 nunc
203 4276 323 4325 itereturr
345 4275 465 4323 omittitur
485 4288 544 4322 3333
562 4274 589 4322 13
606 4288 657 4323 unc
685 4274 842 4331 3131331113.
861 4278 914 4339 Ego
928 4277 1012 4324 malim
1020 4276 1151 4339 configere,
1166 4276 1238 4325 idem.

119 4354 221 4402 Codice:
237 4354 285 4403 sed
298 4353 330 4401 ad
345 4354 492 4403 sententiam
505 4352 658 4415 aptiusforet
737 4353 853 4401 aditam
876 4353 998 4417 quandam
1017 4356 1044 4402 in
1064 4356 1165 4402 dicendo
1184 4369 1240 4415 ape·

113 4435 255 4490 maetcrea.
276 4458 311 4467 -
330 4433 406 4481 Pron.
428 4433 487 4490 illa,
508 4432 576 4493 quod
596 4431 622 4480 h.
637 4433 655 4480 l.
705 4432 774 4479 31333.
808 4432 878 4481 Nihil
892 4433 941 4481 huc
954 4433 1061 4495 pertinet
1075 4432 1172 4480 dicendi
1185 4447 1240 4494 spc-

118 4511 177 4558 nibil
201 4509 293 4566 babet,
318 4524 368 4571 quc
386 4510 522 4568 referatur,
542 4516 655 4571 1333333-
705 4512 763 4559 3133.
804 4511 985 4574 Corrigendum
1009 4516 1060 4569 331,
1087 4511 1241 4573 transpositis

118 4589 226 4636 nendum
247 4587 311 4635 mibi
324 4588 435 4646 videtur,
456 4589 655 4653 legendumque,
706 4588 795 4648 literis,
813 4590 840 4635 in
853 4588 970 4647 cedendo,
986 4595 1013 4637 ut
1026 4589 1100 4637 modo
1107 4594 1164 4639 3313
1171 4590 1239 4639 dixe-
