3242 5500
448 569 559 618 ninus
586 570 755 622 rnnrrns.
785 554 800 634 ἓ
828 553 885 620 ol.
1159 554 1226 623 301

108 741 205 837 quod
230 748 363 837 negent
385 740 515 813 versari
540 740 576 813 in
602 766 639 813 re
663 741 805 837 publica
827 767 902 814 esse
920 744 1103 838 sepientis:
1131 768 1230 830 narn,

109 854 137 923 si
172 851 241 923 hoc
278 849 380 923 nobis
414 859 520 947 etque
557 852 691 947 optimo
725 853 853 949 cuique
878 853 1133 948 persuaserint,
1160 878 1230 924 non

108 968 278 1056 poterunt
301 961 369 1056 ipsi
388 985 479 1047 esse,
506 961 544 1034 id
568 960 664 1057 quod
686 962 839 1034 maxime
863 963 1029 1057 cupiunt,
1055 963 1169 1034 otiosi.

158 1070 295 1141 Stoicos
332 1080 471 1157 autern,
510 1095 597 1166 quos
631 1072 777 1143 minime
806 1070 988 1167 improbo,
1016 1071 1154 1143 dimitto
1180 1080 1230 1142 tu·
1259 1082 1304 1148 18

110 1204 214 1264 men,
254 1203 318 1250 nec
355 1204 413 1251 eos
450 1179 557 1252 iratos
592 1204 730 1266 vereor,
769 1180 935 1275 quoniam
963 1181 1108 1253 omnino
1131 1181 1234 1253 irasci
1259 1210 1291 1252 es

110 1288 293 1361 nesciunt:
328 1294 435 1383 utque
464 1287 554 1362 hanc
582 1290 625 1361 iis
649 1288 762 1361 habeo
786 1290 956 1385 gratiam,
982 1290 1077 1385 quod
1102 1291 1167 1362 soli
1191 1293 1232 1361 ex'

109 1397 277 1470 omnibus
302 1398 538 1494 eloquentiam
564 1399 788 1470 virtutemne
814 1399 1021 1494 sapientiem
1043 1423 1119 1471 esse
1136 1400 1233 1472 dixe-

109 1516 205 1579 runt.
243 1508 313 1579 Sed
341 1502 563 1603 [utrumque]
592 1515 646 1579 est
667 1508 704 1578 in
727 1506 803 1593 his,
830 1507 925 1603 quod
949 1507 993 1579 ab
1019 1507 1102 1594 hoc,
1129 1534 1234 1604 quem

110 1617 342 1702 instruimuS‚
372 1612 539 1712 [oratore]
555 1615 865 1691 voldeabhorreet:
892 1617 963 1701 vel,
982 1617 1233 1712 quodomnes,

111 1726 174 1822 qui
213 1725 389 1822 sepientes
425 1750 496 1797 non
530 1726 620 1812 sint,
654 1750 789 1810 servor,
816 1725 988 1811 latrones,
1014 1725 1153 1812 hoster,
1180 1728 1233 1799 in-

112 1860 217 1907 senos
255 1859 330 1907 esse
365 1834 488 1907 dicunt
527 1838 656 1930 (neque
692 1843 809 1906 tamen
844 1858 1057 1930 quemquam
1082 1860 1158 1908 esse
1182 1861 1235 1908 sa·

112 1946 306 2041 pientem);
346 1943 445 2016 volde
482 1950 600 2016 autem
638 1951 691 2015 est
712 1941 927 2029 absurdum,
954 1945 986 2015 ei
1012 1945 1235 2030 concionem,

111 2063 174 2126 aut
200 2062 381 2139 senatum,
406 2062 467 2126 sut
492 2054 606 2126 ullum
630 2060 769 2125 coetum
792 2053 977 2124 hominum
997 2055 1235 2139 committere,

112 2166 171 2237 cui
208 2188 313 2236 nemo
348 2163 510 2249 illorum,
548 2163 610 2261 qui
647 2161 786 2247 adsint,
826 2186 952 2247 sanus,
991 2185 1094 2233 nemo
1131 2163 1236 2250 civis,

112 2298 219 2346 nemo
240 2272 330 2345 liber
354 2297 428 2345 esse
450 2272 628 2345 videatur:
655 2271 806 2357 accedit,
833 2270 928 2367 quod
949 2271 1116 2343 orationis
1133 2272 1237 2344 etiem
1264 2299 1295 2343 ss

114 2407 229 2479 genus
267 2381 398 2454 habent
431 2381 576 2455 sortasse
613 2381 763 2467 subtile,
790 2388 824 2452 et
849 2389 942 2453 certe
966 2388 1128 2467 acutum,
1155 2381 1237 2467 sed,

114 2633 140 2679 in
161 2630 296 2693 praecedd.
311 2630 411 2691 aliquod
424 2630 526 2680 dubium
540 2632 654 2681 relictum
704 2633 771 2694 quod
789 2636 841 2679 tum
861 2632 892 2679 sd
910 2632 1000 2694 placita
1013 2632 1083 2681 istius
1096 2631 1241 2695 disciplinae

116 2715 163 2760 est.
188 2709 336 2767 Pideritius‚
351 2722 451 2759 servans
466 2710 607 2774 utrumque,
622 2712 655 2761 its
704 2711 827 2774 pertinet,
848 2724 922 2772 quern
942 2710 1009 2772 prius
1022 2710 1130 2775 (omnes,
1145 2711 1187 2774 psi
1199 2726 1239 2760 ra·

115 2791 306 2850 interpretatur,
327 2792 355 2836 ut
368 2787 446 2846 dicat,
460 2789 552 2851 duplici
570 2805 655 2852 repre·
699 2792 799 2851 pientes
813 2804 861 2837 non
873 2791 937 2846 sint,
954 2803 1036 2837 servor
1048 2789 1120 2849 eree).
1138 2788 1242 2839 Sublata

117 2867 239 2917 hensione
252 2867 341 2927 repelli
355 2867 450 2916 Stoicos
464 2866 495 2915 sb
509 2874 606 2917 oratore
617 2869 655 2918 in·
704 2869 779 2932 igitur
795 2868 839 2916 ills
851 2866 967 2928 bipartite
980 2867 1188 2928 reprehensione,
1201 2868 1240 2916 vi-

116 2945 253 3000 stituendo,
268 2945 375 3006 primurn
388 2946 484 2994 ratione
494 2947 655 3008 placitorum,
703 2946 794 2996 tiosum
801 2946 1240 3008 essespertumestilludutrnmqse:

115 3031 171 3074 tum
191 3023 288 3072 ratione
308 3023 403 3073 formae
421 3029 446 3072 et
458 3024 575 3072 orationis
588 3025 657 3088 (vein
705 3025 784 3083 eddo,
798 3039 831 3073 ne
844 3029 947 3086 propter
957 3025 1071 3085 syntrxin
1082 3024 1182 3085 quidem
1188 3025 1241 3074 isti·

117 3103 271 3152 materieller
290 3117 316 3149 n.
338 3103 377 3150 ein
390 3100 518 3151 formeller
532 3101 656 3164 Punkt”)=
705 3103 802 3152 usmodi
821 3102 960 3151 subiectum
979 3102 1039 3152 ferri
1058 3117 1145 3164 posse,
1166 3103 1242 3165 siqui·

117 3181 202 3242 itaque
223 3181 330 3228 ultorum
349 3185 421 3240 putet
438 3180 541 3229 indicari
554 3181 607 3239 his,
622 3183 661 3228 vel
706 3182 763 3230 dem
784 3196 814 3230 ea
833 3181 929 3240 forms,
957 3181 1080 3243 estquod
1097 3181 1243 3241 attonem,

119 3261 185 3322 quod
196 3271 279 3306 omnes
291 3283 326 3293 -
339 3259 401 3306 liber
413 3273 465 3306 esse
478 3260 607 3315 videntum·
621 3260 657 3307 nl·
706 3274 752 3322 per
773 3259 981 3317 Coniunctivum,
996 3275 1047 3308 non
1061 3259 1168 3308 admittit
1181 3260 1242 3308 deii·

118 3344 218 3395 terum,
233 3336 282 3384 sliu
294 3334 390 3394 formu,
405 3336 459 3394 his,
475 3341 487 3394 5
502 3338 549 3396 66,
563 3328 660 3386 aceedit
707 3339 787 3387 nitum
800 3337 948 3386 subiectum.
965 3340 1043 3387 Erunt
1053 3338 1244 3388 fortussemulto

120 3418 187 3478 prod
206 3420 256 3463 cet.
285 3414 334 3462 Sed
348 3414 429 3463 stetim
440 3415 549 3464 occurrit
560 3418 658 3464 utrum·
707 3418 780 3479 plura
792 3416 965 3480 inStoicorum
971 3415 1110 3476 disciplina,
1119 3429 1242 3476 queeors·

120 3509 168 3557 que
194 3492 270 3542 scribi
296 3506 347 3540 non
370 3494 478 3554 potuisse
498 3493 550 3542 sine
570 3494 661 3542 diserte
707 3493 1244 3544 torisinsenutioniminnseonvenireCrasso

120 3572 272 3621 indicatione
292 3571 411 3628 duorum,
430 3585 493 3632 quoe
505 3572 570 3620 inter
582 3587 609 3620 se
623 3573 660 3620 di·
708 3575 868 3631 viderentur,
889 3572 934 3620 sed
954 3572 1098 3634 defungitur
1118 3586 1168 3620 nno
1182 3573 1244 3621 slte-

122 3652 319 3714 stinguerentur,
334 3663 446 3711 quseque
453 3664 497 3712 per
505 3665 530 3699 se
537 3651 660 3699 tantimo·
708 3667 787 3714 roque
801 3651 1027 3707 commemorando,
1041 3651 1113 3698 nullo
1123 3651 1245 3699 destinato

122 3730 201 3780 menti
221 3733 305 3776 essent
324 3728 430 3786 oratori,
444 3729 511 3777 utin
525 3729 662 3778 coniunctis
710 3731 805 3779 ordine.
840 3729 902 3778 Ideo
914 3729 1013 3777 videtur
1026 3728 1086 3776 mibi
1099 3732 1245 3778 eelmutun·

122 3813 176 3857 tots
192 3820 233 3855 res
247 3805 428 3864 contineretur3
441 3806 467 3854 id
481 3807 548 3868 quod
561 3807 661 3856 minime
711 3811 770 3858 dum
788 3823 841 3856 esse
853 3808 880 3855 in
893 3808 968 3855 velut.
1003 3807 1076 3866 Quod
1090 3810 1189 3856 oratore
1202 3807 1247 3856 de·
1330 3810 1336 3821 ⁸

124 3885 230 3942 caditin
245 3899 286 3941 es,
302 3897 364 3944 quae
378 3884 403 3931 h.
416 3885 434 3932 l.
447 3885 661 3934 Stoicisobiieinn-
710 3890 806 3944 lenius,
827 3884 1049 3935 innumerabilibus
1071 3885 1096 3933 in
1118 3885 1156 3933 his
1176 3884 1247 3933 libris

124 3971 173 4022 tur,
188 3964 346 4023 multumque
360 3977 388 4010 ee
400 3962 574 4022 absuntebeo,
586 3979 662 4026 quum
712 3966 832 4027 exemplis
851 3964 1049 4013 commendetur:
1071 3963 1139 4012 conf.
1159 3978 1247 4027 snprs,

124 4059 150 4091 v.
171 4056 194 4090 c.
216 4041 319 4099 dicitur,
337 4042 470 4103 utrumque
477 4043 625 4104 postulatur
637 4045 664 4092 iu
712 4045 744 4092 sd
758 4049 770 4102 ξ
785 4045 827 4090 28.
845 4042 1004 4091 Benedicent
1016 4043 1042 4090 h.
1055 4043 1072 4090 l.
1083 4043 1249 4104 persyntuin

125 4123 240 4178 oratore,
256 4121 282 4166 et
295 4122 325 4166 ut
337 4133 422 4168 rerum
432 4121 560 4170 seientiam
572 4125 663 4181 teneat,
711 4122 858 4184 requiritur,
879 4121 923 4170 sed
944 4119 1077 4168 obiecimus
1098 4135 1130 4168 ex
1149 4122 1248 4168 Mnrsn.

126 4201 152 4246 et
164 4199 194 4245 ut
207 4212 250 4245 eae
257 4198 573 4261 cerbieiliuminareposstt.
591 4203 663 4261 Tum,
713 4203 779 4262 §612
794 4200 861 4248 conf.
870 4199 1248 4260 Scholie.Hypomn.V.p.347,

126 4291 208 4339 nego,
230 4276 282 4324 duo
303 4290 371 4334 esse,
393 4291 456 4338 quae
477 4279 584 4328 nuncin
597 4281 665 4328 hunc
712 4281 738 4329 in
752 4279 826 4328 simili
839 4278 915 4326 Stoici
927 4277 1045 4338 psrsdori
1058 4276 1193 4324 mentione.

126 4355 228 4403 modmn
249 4354 441 4417 distinguuntur.
476 4357 539 4405 Nem
560 4358 665 4406 alterum
748 4359 788 4408 66.
806 4372 836 4405 ae
857 4357 936 4404 totum
952 4355 1070 4403 eiusmodi
1082 4380 1125 4402 -.
1158 4353 1251 4416 Recepi

126 4433 190 4480 illud
204 4447 284 4495 genus
298 4431 407 4496 (aceedit
420 4435 485 4495 qnod
497 4433 543 4496 -)
556 4437 665 4498 explico·
714 4435 813 4486 Ernesti
832 4434 1027 4490 correctionem,
1048 4434 1140 4488 totum,
1160 4431 1250 4493 proli·
1287 4433 1297 4444 ‘

127 4515 168 4559 tur
187 4511 262 4568 inde,
284 4511 352 4572 quod
366 4513 417 4558 alia
429 4513 456 4559 et
469 4514 545 4570 iona,
563 4516 589 4562 et
602 4517 667 4562 mala
714 4514 817 4563 brorum
831 4517 921 4562 tamen.
939 4510 1078 4560 Ellendtius
1089 4510 1160 4566 haec,
1174 4523 1251 4570 usque

128 4590 243 4637 videniur
259 4590 349 4637 Stoicis
362 4591 587 4651 etceterieciviiue,
603 4599 665 4653 cet,
716 4593 856 4654 adpossit,
883 4590 983 4640 insititio
1003 4602 1056 4638 esse
1076 4591 1161 4648 putet,
1182 4588 1251 4646 ideo,
