<?xml version="1.0" encoding="UTF-8"?>
<!DOCTYPE html PUBLIC "-//W3C//DTD XHTML 1.0 Transitional//EN"
    "http://www.w3.org/TR/xhtml1/DTD/xhtml1-transitional.dtd">
<html xmlns="http://www.w3.org/1999/xhtml" xml:lang="en" lang="en">
 <head>
  <title>
</title>
<meta http-equiv="Content-Type" content="text/html;charset=utf-8" />
  <meta name='ocr-system' content='tesseract 3.04.00' />
  <meta name='ocr-capabilities' content='ocr_page ocr_carea ocr_par ocr_line ocrx_word'/>
</head>
<body>
  <div class='ocr_page' id='page_1' title='image "./mtulliiciceroni01bakegoog_0014.png"; bbox 0 0 3242 5500; ppageno 0'>
   <div class='ocr_carea' id='block_1_1' title="bbox 361 512 1019 583">
    <p class='ocr_par' dir='ltr' id='par_1_1' title="bbox 361 512 1019 583">
     <span class='ocr_line' id='line_1_1' title="bbox 361 512 1019 583; baseline 0 -68"><span class='ocrx_word' id='word_1_1' title='bbox 361 521 382 564; x_wconf 67' lang='lat' dir='ltr'>X</span> <span class='ocrx_word' id='word_1_2' title='bbox 730 512 1019 583; x_wconf 65' lang='lat'>‚··&#39;</span> 
     </span>
    </p>
   </div>
   <div class='ocr_carea' id='block_1_2' title="bbox 360 679 1488 3365">
    <p class='ocr_par' dir='ltr' id='par_1_2' title="bbox 360 679 1487 1384">
     <span class='ocr_line' id='line_1_2' title="bbox 360 679 1486 756; baseline -0.001 -16"><span class='ocrx_word' id='word_1_3' title='bbox 360 681 498 756; x_wconf 54' lang='lat' dir='ltr'>(incitate</span> <span class='ocrx_word' id='word_1_4' title='bbox 517 681 619 755; x_wconf 76' lang='lat' dir='ltr'>populi</span> <span class='ocrx_word' id='word_1_5' title='bbox 642 680 763 740; x_wconf 80' lang='lat' dir='ltr'>Romani</span> <span class='ocrx_word' id='word_1_6' title='bbox 784 679 909 739; x_wconf 61' lang='lat' dir='ltr'>montom</span> <span class='ocrx_word' id='word_1_7' title='bbox 923 679 1222 754; x_wconf 59' lang='lat' dir='ltr'>eandmundumeooe,</span> <span class='ocrx_word' id='word_1_8' title='bbox 1243 679 1322 738; x_wconf 90' lang='lat' dir='ltr'>hanc</span> <span class='ocrx_word' id='word_1_9' title='bbox 1337 679 1486 739; x_wconf 89' lang='lat' dir='ltr'>rationem</span> 
     </span>
     <span class='ocr_line' id='line_1_3' title="bbox 362 783 1486 860; baseline -0.003 -16"><span class='ocrx_word' id='word_1_10' title='bbox 362 783 531 859; x_wconf 77' lang='lat' dir='ltr'>substituit,</span> <span class='ocrx_word' id='word_1_11' title='bbox 561 791 664 860; x_wconf 78' lang='lat' dir='ltr'>quanto</span> <span class='ocrx_word' id='word_1_12' title='bbox 686 787 754 860; x_wconf 79' lang='lat' dir='ltr'>plor</span> <span class='ocrx_word' id='word_1_13' title='bbox 777 791 822 844; x_wconf 78' lang='lat' dir='ltr'>ert</span> <span class='ocrx_word' id='word_1_14' title='bbox 844 785 949 860; x_wconf 68' lang='lat' dir='ltr'>inponit</span> <span class='ocrx_word' id='word_1_15' title='bbox 969 785 1089 844; x_wconf 66' lang='lat' dir='ltr'>Bonam</span> <span class='ocrx_word' id='word_1_16' title='bbox 1104 784 1235 843; x_wconf 64' lang='lat' dir='ltr'>taminoa</span> <span class='ocrx_word' id='word_1_17' title='bbox 1248 784 1280 842; x_wconf 81' lang='lat' dir='ltr'>in</span> <span class='ocrx_word' id='word_1_18' title='bbox 1295 789 1401 842; x_wconf 77' lang='lat' dir='ltr'>fontana</span> <span class='ocrx_word' id='word_1_19' title='bbox 1413 803 1486 858; x_wconf 79' lang='lat' dir='ltr'>pro-</span> 
     </span>
     <span class='ocr_line' id='line_1_4' title="bbox 363 886 1486 967; baseline -0.001 -19"><span class='ocrx_word' id='word_1_20' title='bbox 363 890 493 964; x_wconf 74' lang='lat' dir='ltr'>movisse,</span> <span class='ocrx_word' id='word_1_21' title='bbox 504 909 585 964; x_wconf 81' lang='lat' dir='ltr'>qoam</span> <span class='ocrx_word' id='word_1_22' title='bbox 594 889 713 967; x_wconf 80' lang='lat' dir='ltr'>imperii.</span> <span class='ocrx_word' id='word_1_23' title='bbox 734 889 803 948; x_wconf 91' lang='lat' dir='ltr'>Non</span> <span class='ocrx_word' id='word_1_24' title='bbox 821 889 947 949; x_wconf 81' lang='lat' dir='ltr'>decebat</span> <span class='ocrx_word' id='word_1_25' title='bbox 962 888 1117 949; x_wconf 82' lang='lat' dir='ltr'><strong>Tullianae</strong></span> <span class='ocrx_word' id='word_1_26' title='bbox 1133 888 1251 948; x_wconf 89' lang='lat' dir='ltr'>dicendi</span> <span class='ocrx_word' id='word_1_27' title='bbox 1263 886 1411 947; x_wconf 78' lang='lat' dir='ltr'>facultatis</span> <span class='ocrx_word' id='word_1_28' title='bbox 1421 888 1486 947; x_wconf 90' lang='lat' dir='ltr'>lau-</span> 
     </span>
     <span class='ocr_line' id='line_1_5' title="bbox 363 991 1485 1071; baseline 0 -19"><span class='ocrx_word' id='word_1_29' title='bbox 363 993 416 1053; x_wconf 88' lang='lat' dir='ltr'>des</span> <span class='ocrx_word' id='word_1_30' title='bbox 442 992 480 1052; x_wconf 89' lang='lat' dir='ltr'>ab</span> <span class='ocrx_word' id='word_1_31' title='bbox 504 1011 539 1052; x_wconf 91' lang='lat' dir='ltr'>eo</span> <span class='ocrx_word' id='word_1_32' title='bbox 557 991 720 1069; x_wconf 85' lang='lat' dir='ltr'>celebrari,</span> <span class='ocrx_word' id='word_1_33' title='bbox 752 993 803 1071; x_wconf 92' lang='lat' dir='ltr'>qui</span> <span class='ocrx_word' id='word_1_34' title='bbox 823 1011 880 1053; x_wconf 91' lang='lat' dir='ltr'>nec</span> <span class='ocrx_word' id='word_1_35' title='bbox 898 993 970 1052; x_wconf 89' lang='lat' dir='ltr'>satis</span> <span class='ocrx_word' id='word_1_36' title='bbox 986 993 1164 1053; x_wconf 90' lang='lat' dir='ltr'>attendisset</span> <span class='ocrx_word' id='word_1_37' title='bbox 1183 993 1255 1071; x_wconf 92' lang='lat' dir='ltr'>quid</span> <span class='ocrx_word' id='word_1_38' title='bbox 1273 992 1322 1051; x_wconf 91' lang='lat' dir='ltr'>ille</span> <span class='ocrx_word' id='word_1_39' title='bbox 1340 993 1485 1071; x_wconf 89' lang='lat' dir='ltr'>scriptum</span> 
     </span>
     <span class='ocr_line' id='line_1_6' title="bbox 362 1097 1486 1177; baseline -0.002 -19"><span class='ocrx_word' id='word_1_40' title='bbox 362 1097 547 1177; x_wconf 83' lang='lat' dir='ltr'>reliquisset,</span> <span class='ocrx_word' id='word_1_41' title='bbox 577 1103 607 1158; x_wconf 89' lang='lat' dir='ltr'>et</span> <span class='ocrx_word' id='word_1_42' title='bbox 632 1097 696 1176; x_wconf 92' lang='lat' dir='ltr'>ipse</span> <span class='ocrx_word' id='word_1_43' title='bbox 712 1097 744 1156; x_wconf 89' lang='lat' dir='ltr'>in</span> <span class='ocrx_word' id='word_1_44' title='bbox 760 1097 922 1158; x_wconf 90' lang='lat' dir='ltr'>verborum</span> <span class='ocrx_word' id='word_1_45' title='bbox 941 1107 1007 1157; x_wconf 88' lang='lat' dir='ltr'>tum</span> <span class='ocrx_word' id='word_1_46' title='bbox 1023 1098 1157 1173; x_wconf 90' lang='lat' dir='ltr'>delectu,</span> <span class='ocrx_word' id='word_1_47' title='bbox 1187 1104 1252 1157; x_wconf 91' lang='lat' dir='ltr'>tum</span> <span class='ocrx_word' id='word_1_48' title='bbox 1270 1097 1486 1176; x_wconf 84' lang='lat' dir='ltr'>compositione</span> 
     </span>
     <span class='ocr_line' id='line_1_7' title="bbox 361 1200 1487 1280; baseline -0.001 -18"><span class='ocrx_word' id='word_1_49' title='bbox 361 1207 425 1262; x_wconf 87' lang='lat' dir='ltr'>tam</span> <span class='ocrx_word' id='word_1_50' title='bbox 451 1202 579 1280; x_wconf 82' lang='lat' dir='ltr'>turpiter</span> <span class='ocrx_word' id='word_1_51' title='bbox 603 1200 737 1278; x_wconf 90' lang='lat' dir='ltr'>labatur,</span> <span class='ocrx_word' id='word_1_52' title='bbox 752 1207 788 1262; x_wconf 93' lang='lat' dir='ltr'>ut</span> <span class='ocrx_word' id='word_1_53' title='bbox 810 1202 892 1262; x_wconf 93' lang='lat' dir='ltr'>haud</span> <span class='ocrx_word' id='word_1_54' title='bbox 917 1220 986 1262; x_wconf 91' lang='lat' dir='ltr'>raro</span> <span class='ocrx_word' id='word_1_55' title='bbox 1007 1220 1106 1280; x_wconf 90' lang='lat' dir='ltr'>neque</span> <span class='ocrx_word' id='word_1_56' title='bbox 1123 1201 1249 1276; x_wconf 90' lang='lat' dir='ltr'>Latina,</span> <span class='ocrx_word' id='word_1_57' title='bbox 1279 1219 1379 1279; x_wconf 88' lang='lat' dir='ltr'>neque</span> <span class='ocrx_word' id='word_1_58' title='bbox 1395 1202 1487 1280; x_wconf 90' lang='lat' dir='ltr'>plana</span> 
     </span>
     <span class='ocr_line' id='line_1_8' title="bbox 362 1306 681 1384; baseline -0.006 -18"><span class='ocrx_word' id='word_1_59' title='bbox 362 1306 423 1366; x_wconf 87' lang='lat' dir='ltr'>sint</span> <span class='ocrx_word' id='word_1_60' title='bbox 439 1324 516 1384; x_wconf 88' lang='lat' dir='ltr'>quae</span> <span class='ocrx_word' id='word_1_61' title='bbox 535 1307 681 1366; x_wconf 87' lang='lat' dir='ltr'>enuntiet.</span> 
     </span>
    </p>

    <p class='ocr_par' dir='ltr' id='par_1_3' title="bbox 361 1408 1488 3365">
     <span class='ocr_line' id='line_1_9' title="bbox 402 1408 1486 1490; baseline -0.002 -20"><span class='ocrx_word' id='word_1_62' title='bbox 402 1410 484 1470; x_wconf 89' lang='lat' dir='ltr'>Duas</span> <span class='ocrx_word' id='word_1_63' title='bbox 499 1410 554 1470; x_wconf 90' lang='lat' dir='ltr'>has</span> <span class='ocrx_word' id='word_1_64' title='bbox 573 1411 699 1470; x_wconf 90' lang='lat' dir='ltr'>virtutes</span> <span class='ocrx_word' id='word_1_65' title='bbox 716 1414 751 1469; x_wconf 89' lang='lat' dir='ltr'>ut</span> <span class='ocrx_word' id='word_1_66' title='bbox 767 1409 890 1469; x_wconf 84' lang='lat' dir='ltr'>afferret</span> <span class='ocrx_word' id='word_1_67' title='bbox 908 1414 1008 1469; x_wconf 89' lang='lat' dir='ltr'>orator</span> <span class='ocrx_word' id='word_1_68' title='bbox 1023 1409 1193 1488; x_wconf 87' lang='lat' dir='ltr'>postulabat</span> <span class='ocrx_word' id='word_1_69' title='bbox 1210 1408 1335 1469; x_wconf 84' lang='lat' dir='ltr'>Crassus</span> <span class='ocrx_word' id='word_1_70' title='bbox 1347 1408 1399 1469; x_wconf 90' lang='grc' dir='ltr'>ΠΙ.</span> <span class='ocrx_word' id='word_1_71' title='bbox 1411 1408 1486 1490; x_wconf 67' lang='lat'>537,</span> 
     </span>
     <span class='ocr_line' id='line_1_10' title="bbox 362 1513 1486 1594; baseline -0.001 -20"><span class='ocrx_word' id='word_1_72' title='bbox 362 1513 470 1593; x_wconf 88' lang='lat' dir='ltr'>quibus</span> <span class='ocrx_word' id='word_1_73' title='bbox 496 1514 571 1573; x_wconf 89' lang='lat' dir='ltr'>haec</span> <span class='ocrx_word' id='word_1_74' title='bbox 596 1514 654 1573; x_wconf 93' lang='lat' dir='ltr'>duo</span> <span class='ocrx_word' id='word_1_75' title='bbox 680 1513 802 1588; x_wconf 91' lang='lat' dir='ltr'>adiecit,</span> <span class='ocrx_word' id='word_1_76' title='bbox 831 1520 866 1573; x_wconf 90' lang='lat' dir='ltr'>ut</span> <span class='ocrx_word' id='word_1_77' title='bbox 891 1519 922 1573; x_wconf 91' lang='lat' dir='ltr'>et</span> <span class='ocrx_word' id='word_1_78' title='bbox 950 1520 1068 1589; x_wconf 91' lang='lat' dir='ltr'>ornate,</span> <span class='ocrx_word' id='word_1_79' title='bbox 1095 1520 1127 1575; x_wconf 93' lang='lat' dir='ltr'>et</span> <span class='ocrx_word' id='word_1_80' title='bbox 1141 1520 1211 1594; x_wconf 89' lang='lat' dir='ltr'>apte</span> <span class='ocrx_word' id='word_1_81' title='bbox 1226 1520 1486 1593; x_wconf 81' lang='lat' dir='ltr'>congruenterque</span> 
     </span>
     <span class='ocr_line' id='line_1_11' title="bbox 363 1618 1488 1703; baseline 0.001 -26"><span class='ocrx_word' id='word_1_82' title='bbox 363 1619 476 1679; x_wconf 88' lang='lat' dir='ltr'>diceret</span> <span class='ocrx_word' id='word_1_83' title='bbox 500 1618 538 1678; x_wconf 90' lang='lat' dir='ltr'>ad</span> <span class='ocrx_word' id='word_1_84' title='bbox 562 1618 593 1677; x_wconf 94' lang='lat' dir='ltr'>id</span> <span class='ocrx_word' id='word_1_85' title='bbox 610 1619 820 1703; x_wconf 90' lang='lat' dir='ltr'>quodcumque</span> <span class='ocrx_word' id='word_1_86' title='bbox 836 1623 948 1696; x_wconf 82' lang='lat' dir='ltr'>ageret.</span> <span class='ocrx_word' id='word_1_87' title='bbox 969 1618 1088 1678; x_wconf 90' lang='lat' dir='ltr'>Horum</span> <span class='ocrx_word' id='word_1_88' title='bbox 1105 1626 1209 1680; x_wconf 90' lang='lat' dir='ltr'>autem</span> <span class='ocrx_word' id='word_1_89' title='bbox 1226 1638 1321 1698; x_wconf 91' lang='lat' dir='ltr'>quum</span> <span class='ocrx_word' id='word_1_90' title='bbox 1338 1620 1388 1679; x_wconf 83' lang='lat' dir='ltr'>vix</span> <span class='ocrx_word' id='word_1_91' title='bbox 1401 1619 1488 1698; x_wconf 90' lang='lat' dir='ltr'>quid-</span> 
     </span>
     <span class='ocr_line' id='line_1_12' title="bbox 363 1722 1485 1801; baseline 0.001 -19"><span class='ocrx_word' id='word_1_92' title='bbox 363 1741 454 1801; x_wconf 88' lang='lat' dir='ltr'>quam</span> <span class='ocrx_word' id='word_1_93' title='bbox 479 1723 531 1798; x_wconf 91' lang='lat' dir='ltr'>sit,</span> <span class='ocrx_word' id='word_1_94' title='bbox 558 1722 638 1800; x_wconf 92' lang='lat' dir='ltr'>quod</span> <span class='ocrx_word' id='word_1_95' title='bbox 654 1740 715 1781; x_wconf 91' lang='lat' dir='ltr'>non</span> <span class='ocrx_word' id='word_1_96' title='bbox 733 1723 764 1781; x_wconf 91' lang='lat' dir='ltr'>in</span> <span class='ocrx_word' id='word_1_97' title='bbox 781 1723 911 1782; x_wconf 89' lang='lat' dir='ltr'>cuiusvis</span> <span class='ocrx_word' id='word_1_98' title='bbox 929 1723 1081 1801; x_wconf 89' lang='lat' dir='ltr'>scriptoris</span> <span class='ocrx_word' id='word_1_99' title='bbox 1099 1723 1197 1784; x_wconf 88' lang='lat' dir='ltr'>officio</span> <span class='ocrx_word' id='word_1_100' title='bbox 1216 1730 1297 1784; x_wconf 89' lang='lat' dir='ltr'>recte</span> <span class='ocrx_word' id='word_1_101' title='bbox 1314 1730 1485 1799; x_wconf 84' lang='lat' dir='ltr'>censeatur,</span> 
     </span>
     <span class='ocr_line' id='line_1_13' title="bbox 363 1825 1486 1906; baseline 0.001 -19"><span class='ocrx_word' id='word_1_102' title='bbox 363 1846 431 1904; x_wconf 92' lang='lat' dir='ltr'>eos,</span> <span class='ocrx_word' id='word_1_103' title='bbox 458 1828 509 1905; x_wconf 93' lang='lat' dir='ltr'>qui</span> <span class='ocrx_word' id='word_1_104' title='bbox 538 1826 691 1886; x_wconf 83' lang='lat' dir='ltr'>Ciceronis</span> <span class='ocrx_word' id='word_1_105' title='bbox 717 1831 817 1886; x_wconf 89' lang='lat' dir='ltr'>aetate</span> <span class='ocrx_word' id='word_1_106' title='bbox 845 1825 1012 1887; x_wconf 89' lang='lat' dir='ltr'>floruerunt</span> <span class='ocrx_word' id='word_1_107' title='bbox 1038 1827 1190 1906; x_wconf 83' lang='lat' dir='ltr'>librosque</span> <span class='ocrx_word' id='word_1_108' title='bbox 1206 1827 1382 1903; x_wconf 87' lang='lat' dir='ltr'>ediderunt,</span> <span class='ocrx_word' id='word_1_109' title='bbox 1401 1828 1486 1888; x_wconf 88' lang='lat' dir='ltr'>facile</span> 
     </span>
     <span class='ocr_line' id='line_1_14' title="bbox 363 1929 1485 2010; baseline 0.002 -19"><span class='ocrx_word' id='word_1_110' title='bbox 363 1931 452 1992; x_wconf 90' lang='lat' dir='ltr'>credo</span> <span class='ocrx_word' id='word_1_111' title='bbox 478 1931 546 2010; x_wconf 89' lang='lat' dir='ltr'>puri</span> <span class='ocrx_word' id='word_1_112' title='bbox 573 1931 754 2009; x_wconf 91' lang='lat' dir='ltr'>dilucidique</span> <span class='ocrx_word' id='word_1_113' title='bbox 781 1931 930 1990; x_wconf 88' lang='lat' dir='ltr'>sermonis</span> <span class='ocrx_word' id='word_1_114' title='bbox 954 1929 1036 1991; x_wconf 90' lang='lat' dir='ltr'>laudi</span> <span class='ocrx_word' id='word_1_115' title='bbox 1063 1933 1257 2008; x_wconf 83' lang='lat' dir='ltr'>satisfecisse,</span> <span class='ocrx_word' id='word_1_116' title='bbox 1283 1939 1314 1994; x_wconf 90' lang='lat' dir='ltr'>et</span> <span class='ocrx_word' id='word_1_117' title='bbox 1331 1939 1434 1993; x_wconf 90' lang='lat' dir='ltr'>tamen</span> <span class='ocrx_word' id='word_1_118' title='bbox 1450 1951 1485 1993; x_wconf 95' lang='lat' dir='ltr'>eo</span> 
     </span>
     <span class='ocr_line' id='line_1_15' title="bbox 362 2035 1485 2114; baseline 0.002 -20"><span class='ocrx_word' id='word_1_119' title='bbox 362 2035 543 2114; x_wconf 90' lang='lat' dir='ltr'>pertinuisse</span> <span class='ocrx_word' id='word_1_120' title='bbox 569 2035 718 2111; x_wconf 88' lang='lat' dir='ltr'>studium,</span> <span class='ocrx_word' id='word_1_121' title='bbox 745 2036 825 2113; x_wconf 93' lang='lat' dir='ltr'>quod</span> <span class='ocrx_word' id='word_1_122' title='bbox 843 2035 947 2095; x_wconf 90' lang='lat' dir='ltr'>Cicero</span> <span class='ocrx_word' id='word_1_123' title='bbox 963 2036 995 2095; x_wconf 93' lang='lat' dir='ltr'>in</span> <span class='ocrx_word' id='word_1_124' title='bbox 1011 2035 1126 2097; x_wconf 88' lang='lat' dir='ltr'>Latinis</span> <span class='ocrx_word' id='word_1_125' title='bbox 1140 2036 1236 2096; x_wconf 89' lang='lat' dir='ltr'>literis</span> <span class='ocrx_word' id='word_1_126' title='bbox 1254 2037 1386 2097; x_wconf 91' lang='lat' dir='ltr'>colendis</span> <span class='ocrx_word' id='word_1_127' title='bbox 1401 2037 1485 2096; x_wconf 89' lang='lat' dir='ltr'>adhi-</span> 
     </span>
     <span class='ocr_line' id='line_1_16' title="bbox 362 2139 1484 2220; baseline 0.002 -22"><span class='ocrx_word' id='word_1_128' title='bbox 362 2139 489 2214; x_wconf 90' lang='lat' dir='ltr'>buisset,</span> <span class='ocrx_word' id='word_1_129' title='bbox 517 2144 551 2199; x_wconf 86' lang='lat' dir='ltr'>ut</span> <span class='ocrx_word' id='word_1_130' title='bbox 576 2157 747 2199; x_wconf 91' lang='lat' dir='ltr'>sermonem</span> <span class='ocrx_word' id='word_1_131' title='bbox 774 2139 860 2198; x_wconf 91' lang='lat' dir='ltr'>illum</span> <span class='ocrx_word' id='word_1_132' title='bbox 884 2140 1044 2217; x_wconf 84' lang='lat' dir='ltr'>insigniter</span> <span class='ocrx_word' id='word_1_133' title='bbox 1067 2140 1275 2220; x_wconf 88' lang='lat' dir='ltr'>locupletaret,</span> <span class='ocrx_word' id='word_1_134' title='bbox 1301 2148 1332 2202; x_wconf 85' lang='lat' dir='ltr'>et</span> <span class='ocrx_word' id='word_1_135' title='bbox 1352 2141 1484 2201; x_wconf 90' lang='lat' dir='ltr'>emedio</span> 
     </span>
     <span class='ocr_line' id='line_1_17' title="bbox 362 2243 1485 2319; baseline 0 -15"><span class='ocrx_word' id='word_1_136' title='bbox 362 2243 526 2319; x_wconf 90' lang='lat' dir='ltr'>sublatum,</span> <span class='ocrx_word' id='word_1_137' title='bbox 555 2243 632 2303; x_wconf 88' lang='lat' dir='ltr'>sicut</span> <span class='ocrx_word' id='word_1_138' title='bbox 650 2243 859 2304; x_wconf 87' lang='lat' dir='ltr'>mollissimam</span> <span class='ocrx_word' id='word_1_139' title='bbox 876 2262 990 2319; x_wconf 88' lang='lat' dir='ltr'>ceram,</span> <span class='ocrx_word' id='word_1_140' title='bbox 1007 2244 1046 2304; x_wconf 89' lang='lat' dir='ltr'>ad</span> <span class='ocrx_word' id='word_1_141' title='bbox 1062 2263 1151 2305; x_wconf 90' lang='lat' dir='ltr'>suum</span> <span class='ocrx_word' id='word_1_142' title='bbox 1167 2245 1326 2306; x_wconf 86' lang='lat' dir='ltr'>arbitrium</span> <span class='ocrx_word' id='word_1_143' title='bbox 1342 2247 1485 2306; x_wconf 89' lang='lat' dir='ltr'>formaret</span> 
     </span>
     <span class='ocr_line' id='line_1_18' title="bbox 361 2346 1483 2429; baseline 0.001 -21"><span class='ocrx_word' id='word_1_144' title='bbox 361 2355 391 2408; x_wconf 89' lang='lat' dir='ltr'>et</span> <span class='ocrx_word' id='word_1_145' title='bbox 417 2348 546 2426; x_wconf 82' lang='lat' dir='ltr'>fingeret</span> <span class='ocrx_word' id='word_1_146' title='bbox 573 2347 638 2426; x_wconf 88' lang='lat' dir='ltr'>(Ill.</span> <span class='ocrx_word' id='word_1_147' title='bbox 665 2346 680 2429; x_wconf 64' lang='grc' dir='ltr'><strong>ἓ</strong></span> <span class='ocrx_word' id='word_1_148' title='bbox 699 2346 783 2428; x_wconf 80' lang='lat'>177).</span> <span class='ocrx_word' id='word_1_149' title='bbox 824 2348 931 2427; x_wconf 86' lang='lat' dir='ltr'>ltaque</span> <span class='ocrx_word' id='word_1_150' title='bbox 947 2349 1173 2410; x_wconf 89' lang='lat' dir='ltr'>concedendum</span> <span class='ocrx_word' id='word_1_151' title='bbox 1192 2351 1220 2409; x_wconf 88' lang='lat' dir='ltr'>ei</span> <span class='ocrx_word' id='word_1_152' title='bbox 1239 2350 1357 2411; x_wconf 88' lang='lat' dir='ltr'>videtur</span> <span class='ocrx_word' id='word_1_153' title='bbox 1374 2370 1483 2428; x_wconf 88' lang='lat' dir='ltr'>quum,</span> 
     </span>
     <span class='ocr_line' id='line_1_19' title="bbox 361 2451 1486 2534; baseline 0.001 -22"><span class='ocrx_word' id='word_1_154' title='bbox 361 2452 401 2512; x_wconf 91' lang='lat' dir='ltr'>ad</span> <span class='ocrx_word' id='word_1_155' title='bbox 418 2451 554 2511; x_wconf 91' lang='lat' dir='ltr'>Marcum</span> <span class='ocrx_word' id='word_1_156' title='bbox 572 2451 668 2512; x_wconf 87' lang='lat' dir='ltr'>filium</span> <span class='ocrx_word' id='word_1_157' title='bbox 688 2452 822 2513; x_wconf 89' lang='lat' dir='ltr'>scribens</span> <span class='ocrx_word' id='word_1_158' title='bbox 839 2451 938 2532; x_wconf 78' lang='lat' dir='ltr'>(Otho.</span> <span class='ocrx_word' id='word_1_159' title='bbox 954 2453 976 2512; x_wconf 93' lang='grc' dir='ltr'>Ι.</span> <span class='ocrx_word' id='word_1_160' title='bbox 995 2452 1011 2534; x_wconf 60' lang='grc' dir='ltr'>ᾖ</span> <span class='ocrx_word' id='word_1_161' title='bbox 1027 2453 1060 2533; x_wconf 75' lang='lat'>2)</span> <span class='ocrx_word' id='word_1_162' title='bbox 1070 2501 1077 2529; x_wconf 92' lang='lat'>,</span> <span class='ocrx_word' id='word_1_163' title='bbox 1089 2454 1173 2530; x_wconf 91' lang='lat' dir='ltr'>dicit,</span> <span class='ocrx_word' id='word_1_164' title='bbox 1193 2456 1346 2515; x_wconf 80' lang='lat' dir='ltr'>orationem</span> <span class='ocrx_word' id='word_1_165' title='bbox 1355 2457 1486 2514; x_wconf 79' lang='lat' dir='ltr'>Latinam</span> 
     </span>
     <span class='ocr_line' id='line_1_20' title="bbox 363 2557 1485 2634; baseline 0.002 -19"><span class='ocrx_word' id='word_1_166' title='bbox 363 2557 466 2634; x_wconf 81' lang='lat' dir='ltr'>afficies</span> <span class='ocrx_word' id='word_1_167' title='bbox 478 2557 609 2630; x_wconf 76' lang='lat' dir='ltr'>profecto</span> <span class='ocrx_word' id='word_1_168' title='bbox 626 2557 747 2632; x_wconf 63' lang='lat' dir='ltr'>rependo</span> <span class='ocrx_word' id='word_1_169' title='bbox 763 2558 871 2616; x_wconf 77' lang='lat' dir='ltr'>nostrie</span> <span class='ocrx_word' id='word_1_170' title='bbox 884 2558 1043 2632; x_wconf 80' lang='lat' dir='ltr'>pleniorem.</span> <span class='ocrx_word' id='word_1_171' title='bbox 1065 2558 1152 2618; x_wconf 89' lang='lat' dir='ltr'>Hanc</span> <span class='ocrx_word' id='word_1_172' title='bbox 1169 2559 1288 2618; x_wconf 90' lang='lat' dir='ltr'>dicendi</span> <span class='ocrx_word' id='word_1_173' title='bbox 1308 2559 1485 2632; x_wconf 86' lang='lat' dir='ltr'>novitatem,</span> 
     </span>
     <span class='ocr_line' id='line_1_21' title="bbox 362 2660 1486 2741; baseline 0 -19"><span class='ocrx_word' id='word_1_174' title='bbox 362 2667 396 2722; x_wconf 89' lang='lat' dir='ltr'>ut</span> <span class='ocrx_word' id='word_1_175' title='bbox 416 2663 480 2740; x_wconf 91' lang='lat' dir='ltr'>ipse</span> <span class='ocrx_word' id='word_1_176' title='bbox 497 2660 637 2738; x_wconf 88' lang='lat' dir='ltr'>appellat,</span> <span class='ocrx_word' id='word_1_177' title='bbox 668 2679 761 2738; x_wconf 90' lang='lat' dir='ltr'>quum</span> <span class='ocrx_word' id='word_1_178' title='bbox 777 2661 841 2739; x_wconf 91' lang='lat' dir='ltr'>ipso</span> <span class='ocrx_word' id='word_1_179' title='bbox 863 2660 990 2722; x_wconf 80' lang='lat' dir='ltr'>florente</span> <span class='ocrx_word' id='word_1_180' title='bbox 1005 2662 1144 2722; x_wconf 92' lang='lat' dir='ltr'>homines</span> <span class='ocrx_word' id='word_1_181' title='bbox 1160 2663 1248 2741; x_wconf 83' lang='lat' dir='ltr'>vulgo</span> <span class='ocrx_word' id='word_1_182' title='bbox 1265 2663 1486 2723; x_wconf 88' lang='lat' dir='ltr'>admirarentur</span> 
     </span>
     <span class='ocr_line' id='line_1_22' title="bbox 364 2766 1486 2847; baseline -0.002 -19"><span class='ocrx_word' id='word_1_183' title='bbox 364 2773 395 2828; x_wconf 92' lang='lat' dir='ltr'>et</span> <span class='ocrx_word' id='word_1_184' title='bbox 413 2771 583 2844; x_wconf 89' lang='lat' dir='ltr'>stuperent,</span> <span class='ocrx_word' id='word_1_185' title='bbox 601 2766 769 2844; x_wconf 88' lang='lat' dir='ltr'>complures</span> <span class='ocrx_word' id='word_1_186' title='bbox 784 2772 889 2826; x_wconf 89' lang='lat' dir='ltr'>tamen</span> <span class='ocrx_word' id='word_1_187' title='bbox 905 2773 1005 2843; x_wconf 89' lang='lat' dir='ltr'>erant,</span> <span class='ocrx_word' id='word_1_188' title='bbox 1023 2768 1074 2847; x_wconf 91' lang='lat' dir='ltr'>qui</span> <span class='ocrx_word' id='word_1_189' title='bbox 1093 2768 1262 2828; x_wconf 88' lang='lat' dir='ltr'>fastidirent</span> <span class='ocrx_word' id='word_1_190' title='bbox 1278 2774 1309 2828; x_wconf 91' lang='lat' dir='ltr'>et</span> <span class='ocrx_word' id='word_1_191' title='bbox 1324 2770 1486 2847; x_wconf 90' lang='lat' dir='ltr'>reprehen-</span> 
     </span>
     <span class='ocr_line' id='line_1_23' title="bbox 365 2868 1486 2949; baseline -0.001 -17"><span class='ocrx_word' id='word_1_192' title='bbox 365 2868 605 2947; x_wconf 91' lang='lat' dir='ltr'>derent,quibus</span> <span class='ocrx_word' id='word_1_193' title='bbox 624 2870 715 2929; x_wconf 89' lang='lat' dir='ltr'>nimis</span> <span class='ocrx_word' id='word_1_194' title='bbox 733 2870 919 2949; x_wconf 80' lang='lat' dir='ltr'>redundanS,</span> <span class='ocrx_word' id='word_1_195' title='bbox 936 2890 993 2931; x_wconf 89' lang='lat' dir='ltr'>nec</span> <span class='ocrx_word' id='word_1_196' title='bbox 1009 2891 1083 2932; x_wconf 91' lang='lat' dir='ltr'>sana</span> <span class='ocrx_word' id='word_1_197' title='bbox 1099 2873 1171 2933; x_wconf 89' lang='lat' dir='ltr'>satis</span> <span class='ocrx_word' id='word_1_198' title='bbox 1184 2878 1215 2931; x_wconf 89' lang='lat' dir='ltr'>et</span> <span class='ocrx_word' id='word_1_199' title='bbox 1235 2873 1314 2932; x_wconf 89' lang='lat' dir='ltr'>sicca</span> <span class='ocrx_word' id='word_1_200' title='bbox 1322 2872 1486 2947; x_wconf 89' lang='lat' dir='ltr'>videbatur,</span> 
     </span>
     <span class='ocr_line' id='line_1_24' title="bbox 365 2973 1488 3056; baseline -0.001 -20"><span class='ocrx_word' id='word_1_201' title='bbox 365 2978 467 3054; x_wconf 88' lang='lat' dir='ltr'>itaque</span> <span class='ocrx_word' id='word_1_202' title='bbox 483 2973 861 3035; x_wconf 84' lang='lat' dir='ltr'>discedereabAtticorum</span> <span class='ocrx_word' id='word_1_203' title='bbox 870 2995 989 3036; x_wconf 90' lang='lat' dir='ltr'>norma:</span> <span class='ocrx_word' id='word_1_204' title='bbox 1007 2996 1135 3056; x_wconf 88' lang='lat' dir='ltr'>quorum</span> <span class='ocrx_word' id='word_1_205' title='bbox 1145 2977 1321 3037; x_wconf 92' lang='lat' dir='ltr'>criminibus</span> <span class='ocrx_word' id='word_1_206' title='bbox 1328 2978 1488 3055; x_wconf 89' lang='lat' dir='ltr'>respondet</span> 
     </span>
     <span class='ocr_line' id='line_1_25' title="bbox 366 3076 1487 3161; baseline 0.001 -22"><span class='ocrx_word' id='word_1_207' title='bbox 366 3081 398 3140; x_wconf 91' lang='lat' dir='ltr'>in</span> <span class='ocrx_word' id='word_1_208' title='bbox 414 3080 508 3138; x_wconf 89' lang='lat' dir='ltr'>Bruto</span> <span class='ocrx_word' id='word_1_209' title='bbox 525 3083 555 3137; x_wconf 92' lang='lat' dir='ltr'>et</span> <span class='ocrx_word' id='word_1_210' title='bbox 572 3077 603 3136; x_wconf 93' lang='lat' dir='ltr'>in</span> <span class='ocrx_word' id='word_1_211' title='bbox 621 3076 747 3138; x_wconf 87' lang='lat' dir='ltr'>Oratore</span> <span class='ocrx_word' id='word_1_212' title='bbox 769 3078 859 3159; x_wconf 89' lang='lat' dir='ltr'>(conf.</span> <span class='ocrx_word' id='word_1_213' title='bbox 879 3080 1098 3152; x_wconf 85' lang='lat' dir='ltr'>Quinctilianus</span> <span class='ocrx_word' id='word_1_214' title='bbox 1115 3081 1137 3141; x_wconf 93' lang='grc' dir='ltr'>Ι.</span> <span class='ocrx_word' id='word_1_215' title='bbox 1160 3081 1194 3141; x_wconf 91' lang='grc' dir='ltr'>Ο.</span> <span class='ocrx_word' id='word_1_216' title='bbox 1210 3081 1275 3140; x_wconf 82' lang='lat' dir='ltr'>XII.</span> <span class='ocrx_word' id='word_1_217' title='bbox 1285 3079 1334 3142; x_wconf 77' lang='lat'>10.</span> <span class='ocrx_word' id='word_1_218' title='bbox 1344 3080 1487 3161; x_wconf 63' lang='lat' dir='ltr'>lit-lli).</span> 
     </span>
     <span class='ocr_line' id='line_1_26' title="bbox 366 3181 1488 3265; baseline 0 -21"><span class='ocrx_word' id='word_1_219' title='bbox 366 3185 502 3263; x_wconf 84' lang='lat' dir='ltr'>ipsorum</span> <span class='ocrx_word' id='word_1_220' title='bbox 523 3181 642 3242; x_wconf 90' lang='lat' dir='ltr'>illorum</span> <span class='ocrx_word' id='word_1_221' title='bbox 659 3184 912 3261; x_wconf 90' lang='lat' dir='ltr'>reprehensorum</span> <span class='ocrx_word' id='word_1_222' title='bbox 928 3186 1051 3265; x_wconf 87' lang='lat' dir='ltr'>scripta,</span> <span class='ocrx_word' id='word_1_223' title='bbox 1068 3205 1146 3265; x_wconf 91' lang='lat' dir='ltr'>quae</span> <span class='ocrx_word' id='word_1_224' title='bbox 1162 3186 1306 3247; x_wconf 83' lang='lat' dir='ltr'>Tullianis</span> <span class='ocrx_word' id='word_1_225' title='bbox 1325 3204 1488 3265; x_wconf 91' lang='lat' dir='ltr'>opponere-</span> 
     </span>
     <span class='ocr_line' id='line_1_27' title="bbox 367 3287 1488 3365; baseline 0.001 -16"><span class='ocrx_word' id='word_1_226' title='bbox 367 3307 451 3363; x_wconf 77' lang='lat' dir='ltr'>muS,</span> <span class='ocrx_word' id='word_1_227' title='bbox 477 3288 519 3348; x_wconf 92' lang='lat' dir='ltr'>ita</span> <span class='ocrx_word' id='word_1_228' title='bbox 546 3287 698 3347; x_wconf 82' lang='lat' dir='ltr'>exaruisse</span> <span class='ocrx_word' id='word_1_229' title='bbox 716 3289 873 3365; x_wconf 86' lang='lat' dir='ltr'>videntur,</span> <span class='ocrx_word' id='word_1_230' title='bbox 891 3297 926 3351; x_wconf 91' lang='lat' dir='ltr'>ut</span> <span class='ocrx_word' id='word_1_231' title='bbox 953 3310 1014 3351; x_wconf 92' lang='lat' dir='ltr'>non</span> <span class='ocrx_word' id='word_1_232' title='bbox 1031 3292 1083 3351; x_wconf 92' lang='lat' dir='ltr'>diu</span> <span class='ocrx_word' id='word_1_233' title='bbox 1099 3296 1230 3351; x_wconf 89' lang='lat' dir='ltr'>aetatem</span> <span class='ocrx_word' id='word_1_234' title='bbox 1247 3291 1379 3351; x_wconf 88' lang='lat' dir='ltr'>tulerint.</span> <span class='ocrx_word' id='word_1_235' title='bbox 1421 3292 1488 3350; x_wconf 92' lang='lat' dir='ltr'>Non</span> 
     </span>
    </p>
   </div>
   <div class='ocr_carea' id='block_1_3' title="bbox 243 3390 1489 3475">
    <p class='ocr_par' dir='ltr' id='par_1_4' title="bbox 243 3390 1489 3475">
     <span class='ocr_line' id='line_1_28' title="bbox 243 3390 1489 3475; baseline 0 -21"><span class='ocrx_word' id='word_1_236' title='bbox 243 3391 247 3399; x_wconf 81' lang='grc'><strong>“</strong></span> <span class='ocrx_word' id='word_1_237' title='bbox 366 3393 423 3454; x_wconf 91' lang='lat' dir='ltr'>fuit</span> <span class='ocrx_word' id='word_1_238' title='bbox 445 3393 476 3452; x_wconf 90' lang='lat' dir='ltr'>in</span> <span class='ocrx_word' id='word_1_239' title='bbox 503 3391 550 3451; x_wconf 93' lang='lat' dir='ltr'>his</span> <span class='ocrx_word' id='word_1_240' title='bbox 576 3390 699 3467; x_wconf 86' lang='lat' dir='ltr'>Caesar,</span> <span class='ocrx_word' id='word_1_241' title='bbox 725 3393 763 3452; x_wconf 91' lang='lat' dir='ltr'>de</span> <span class='ocrx_word' id='word_1_242' title='bbox 782 3394 866 3454; x_wconf 89' lang='lat' dir='ltr'>cuius</span> <span class='ocrx_word' id='word_1_243' title='bbox 885 3396 1059 3456; x_wconf 90' lang='lat' dir='ltr'>testimonio</span> <span class='ocrx_word' id='word_1_244' title='bbox 1077 3396 1166 3456; x_wconf 91' lang='lat' dir='ltr'>modo</span> <span class='ocrx_word' id='word_1_245' title='bbox 1183 3396 1325 3472; x_wconf 88' lang='lat' dir='ltr'>vidimus,</span> <span class='ocrx_word' id='word_1_246' title='bbox 1345 3396 1489 3475; x_wconf 89' lang='lat' dir='ltr'>cuiusque</span> 
     </span>
    </p>
   </div>
   <div class='ocr_carea' id='block_1_4' title="bbox 316 3495 1491 4523">
    <p class='ocr_par' dir='ltr' id='par_1_5' title="bbox 316 3495 1491 4523">
     <span class='ocr_line' id='line_1_29' title="bbox 368 3495 1489 3577; baseline 0.002 -20"><span class='ocrx_word' id='word_1_247' title='bbox 368 3503 398 3557; x_wconf 91' lang='lat' dir='ltr'>et</span> <span class='ocrx_word' id='word_1_248' title='bbox 424 3496 575 3556; x_wconf 91' lang='lat' dir='ltr'>orationes</span> <span class='ocrx_word' id='word_1_249' title='bbox 601 3495 631 3554; x_wconf 94' lang='lat' dir='ltr'>in</span> <span class='ocrx_word' id='word_1_250' title='bbox 652 3496 758 3575; x_wconf 92' lang='lat' dir='ltr'>primis</span> <span class='ocrx_word' id='word_1_251' title='bbox 778 3498 983 3577; x_wconf 87' lang='lat' dir='ltr'>probabantur</span> <span class='ocrx_word' id='word_1_252' title='bbox 999 3500 1153 3576; x_wconf 84' lang='lat' dir='ltr'>Ciceroni,</span> <span class='ocrx_word' id='word_1_253' title='bbox 1169 3506 1200 3560; x_wconf 90' lang='lat' dir='ltr'>et</span> <span class='ocrx_word' id='word_1_254' title='bbox 1218 3502 1428 3560; x_wconf 89' lang='lat' dir='ltr'>commentarii</span> <span class='ocrx_word' id='word_1_255' title='bbox 1444 3520 1489 3560; x_wconf 93' lang='lat' dir='ltr'>re-</span> 
     </span>
     <span class='ocr_line' id='line_1_30' title="bbox 368 3604 1490 3682; baseline 0.002 -20"><span class='ocrx_word' id='word_1_256' title='bbox 368 3621 435 3662; x_wconf 90' lang='lat' dir='ltr'>rum</span> <span class='ocrx_word' id='word_1_257' title='bbox 466 3619 605 3676; x_wconf 88' lang='lat' dir='ltr'>suarum,</span> <span class='ocrx_word' id='word_1_258' title='bbox 632 3605 666 3660; x_wconf 90' lang='lat' dir='ltr'>ut</span> <span class='ocrx_word' id='word_1_259' title='bbox 690 3604 761 3662; x_wconf 81' lang='lat' dir='ltr'>recti</span> <span class='ocrx_word' id='word_1_260' title='bbox 785 3611 813 3662; x_wconf 82' lang='lat' dir='ltr'>ct</span> <span class='ocrx_word' id='word_1_261' title='bbox 840 3607 961 3677; x_wconf 80' lang='lat' dir='ltr'>connati,</span> <span class='ocrx_word' id='word_1_262' title='bbox 985 3607 1057 3665; x_wconf 80' lang='lat' dir='ltr'>omni</span> <span class='ocrx_word' id='word_1_263' title='bbox 1082 3612 1183 3665; x_wconf 82' lang='lat' dir='ltr'>ornatu</span> <span class='ocrx_word' id='word_1_264' title='bbox 1200 3607 1338 3665; x_wconf 73' lang='lat' dir='ltr'>orationis</span> <span class='ocrx_word' id='word_1_265' title='bbox 1354 3613 1490 3682; x_wconf 80' lang='lat' dir='ltr'>tamquam</span> 
     </span>
     <span class='ocr_line' id='line_1_31' title="bbox 368 3704 1490 3789; baseline 0.004 -24"><span class='ocrx_word' id='word_1_266' title='bbox 368 3713 442 3765; x_wconf 80' lang='lat' dir='ltr'>verte</span> <span class='ocrx_word' id='word_1_267' title='bbox 457 3706 585 3764; x_wconf 82' lang='lat' dir='ltr'>detracta</span> <span class='ocrx_word' id='word_1_268' title='bbox 604 3704 701 3784; x_wconf 83' lang='lat' dir='ltr'>(Brut.</span> <span class='ocrx_word' id='word_1_269' title='bbox 722 3705 824 3787; x_wconf 68' lang='lat'><strong>5261.</strong></span> <span class='ocrx_word' id='word_1_270' title='bbox 841 3709 915 3789; x_wconf 86' lang='lat' dir='ltr'>sq),</span> <span class='ocrx_word' id='word_1_271' title='bbox 936 3729 1011 3788; x_wconf 89' lang='lat' dir='ltr'>quos</span> <span class='ocrx_word' id='word_1_272' title='bbox 1027 3710 1177 3789; x_wconf 89' lang='lat' dir='ltr'>hodieque</span> <span class='ocrx_word' id='word_1_273' title='bbox 1195 3711 1389 3771; x_wconf 90' lang='lat' dir='ltr'>admiramur.</span> <span class='ocrx_word' id='word_1_274' title='bbox 1432 3711 1490 3771; x_wconf 88' lang='lat' dir='ltr'>Sed</span> 
     </span>
     <span class='ocr_line' id='line_1_32' title="bbox 316 3808 1490 3893; baseline 0.003 -24"><span class='ocrx_word' id='word_1_275' title='bbox 316 3889 318 3893; x_wconf 68' lang='lat'>,</span> <span class='ocrx_word' id='word_1_276' title='bbox 369 3812 401 3869; x_wconf 93' lang='lat' dir='ltr'>in</span> <span class='ocrx_word' id='word_1_277' title='bbox 425 3809 479 3883; x_wconf 90' lang='lat' dir='ltr'>iis,</span> <span class='ocrx_word' id='word_1_278' title='bbox 507 3826 583 3885; x_wconf 90' lang='lat' dir='ltr'>quae</span> <span class='ocrx_word' id='word_1_279' title='bbox 601 3815 669 3887; x_wconf 88' lang='lat' dir='ltr'>post</span> <span class='ocrx_word' id='word_1_280' title='bbox 687 3808 840 3872; x_wconf 87' lang='lat' dir='ltr'>Ciceronis</span> <span class='ocrx_word' id='word_1_281' title='bbox 858 3820 990 3874; x_wconf 89' lang='lat' dir='ltr'>aetatem</span> <span class='ocrx_word' id='word_1_282' title='bbox 1007 3815 1086 3874; x_wconf 90' lang='lat' dir='ltr'>edita</span> <span class='ocrx_word' id='word_1_283' title='bbox 1106 3821 1190 3890; x_wconf 90' lang='lat' dir='ltr'>sunt,</span> <span class='ocrx_word' id='word_1_284' title='bbox 1206 3848 1247 3859; x_wconf 88' lang='lat'>-</span> <span class='ocrx_word' id='word_1_285' title='bbox 1263 3816 1369 3893; x_wconf 89' lang='lat' dir='ltr'>loquor</span> <span class='ocrx_word' id='word_1_286' title='bbox 1388 3822 1490 3876; x_wconf 91' lang='lat' dir='ltr'>autem</span> 
     </span>
     <span class='ocr_line' id='line_1_33' title="bbox 370 3913 1491 3999; baseline 0.004 -24"><span class='ocrx_word' id='word_1_287' title='bbox 370 3916 407 3975; x_wconf 94' lang='lat' dir='ltr'>de</span> <span class='ocrx_word' id='word_1_288' title='bbox 423 3913 538 3973; x_wconf 92' lang='lat' dir='ltr'>solutae</span> <span class='ocrx_word' id='word_1_289' title='bbox 558 3913 701 3973; x_wconf 87' lang='lat' dir='ltr'>orationis</span> <span class='ocrx_word' id='word_1_290' title='bbox 722 3917 917 3995; x_wconf 87' lang='lat' dir='ltr'>scriptoribus</span> <span class='ocrx_word' id='word_1_291' title='bbox 945 3954 985 3964; x_wconf 94' lang='lat'>—</span> <span class='ocrx_word' id='word_1_292' title='bbox 1006 3920 1118 3980; x_wconf 83' lang='lat' dir='ltr'>frustra</span> <span class='ocrx_word' id='word_1_293' title='bbox 1137 3919 1276 3998; x_wconf 90' lang='lat' dir='ltr'>equidem</span> <span class='ocrx_word' id='word_1_294' title='bbox 1292 3920 1427 3999; x_wconf 90' lang='lat' dir='ltr'>quaesivi</span> <span class='ocrx_word' id='word_1_295' title='bbox 1445 3939 1491 3980; x_wconf 89' lang='lat' dir='ltr'>sa·</span> 
     </span>
     <span class='ocr_line' id='line_1_34' title="bbox 370 4015 1490 4102; baseline 0.004 -23"><span class='ocrx_word' id='word_1_296' title='bbox 370 4020 497 4079; x_wconf 88' lang='lat' dir='ltr'>nitatem</span> <span class='ocrx_word' id='word_1_297' title='bbox 515 4015 613 4092; x_wconf 89' lang='lat' dir='ltr'>illam,</span> <span class='ocrx_word' id='word_1_298' title='bbox 635 4023 666 4077; x_wconf 91' lang='lat' dir='ltr'>et</span> <span class='ocrx_word' id='word_1_299' title='bbox 683 4019 869 4099; x_wconf 88' lang='lat' dir='ltr'>siccitatem,</span> <span class='ocrx_word' id='word_1_300' title='bbox 886 4029 917 4083; x_wconf 90' lang='lat' dir='ltr'>et</span> <span class='ocrx_word' id='word_1_301' title='bbox 934 4024 1067 4085; x_wconf 86' lang='lat' dir='ltr'>Atticam</span> <span class='ocrx_word' id='word_1_302' title='bbox 1083 4024 1295 4099; x_wconf 87' lang='lat' dir='ltr'>sobrietatem,</span> <span class='ocrx_word' id='word_1_303' title='bbox 1313 4043 1391 4102; x_wconf 89' lang='lat' dir='ltr'>quae</span> <span class='ocrx_word' id='word_1_304' title='bbox 1410 4030 1490 4083; x_wconf 89' lang='lat' dir='ltr'>recte</span> 
     </span>
     <span class='ocr_line' id='line_1_35' title="bbox 369 4121 1491 4208; baseline 0.003 -24"><span class='ocrx_word' id='word_1_305' title='bbox 369 4122 481 4184; x_wconf 85' lang='lat' dir='ltr'>nimiae</span> <span class='ocrx_word' id='word_1_306' title='bbox 514 4121 626 4182; x_wconf 89' lang='lat' dir='ltr'>scilicet</span> <span class='ocrx_word' id='word_1_307' title='bbox 648 4122 802 4185; x_wconf 89' lang='lat' dir='ltr'>Tullianae</span> <span class='ocrx_word' id='word_1_308' title='bbox 828 4128 1047 4189; x_wconf 89' lang='lat' dir='ltr'>redundantiae</span> <span class='ocrx_word' id='word_1_309' title='bbox 1070 4135 1285 4208; x_wconf 88' lang='lat' dir='ltr'>opponeretur,</span> <span class='ocrx_word' id='word_1_310' title='bbox 1311 4135 1377 4188; x_wconf 88' lang='lat' dir='ltr'>turn</span> <span class='ocrx_word' id='word_1_311' title='bbox 1403 4128 1491 4207; x_wconf 89' lang='lat' dir='ltr'>plane</span> 
     </span>
     <span class='ocr_line' id='line_1_36' title="bbox 369 4224 1490 4313; baseline 0.002 -24"><span class='ocrx_word' id='word_1_312' title='bbox 369 4226 505 4289; x_wconf 90' lang='lat' dir='ltr'>desidero</span> <span class='ocrx_word' id='word_1_313' title='bbox 519 4224 618 4286; x_wconf 89' lang='lat' dir='ltr'>Latini</span> <span class='ocrx_word' id='word_1_314' title='bbox 628 4226 775 4289; x_wconf 91' lang='lat' dir='ltr'>sermonis</span> <span class='ocrx_word' id='word_1_315' title='bbox 784 4231 918 4292; x_wconf 90' lang='lat' dir='ltr'>nativam</span> <span class='ocrx_word' id='word_1_316' title='bbox 927 4238 958 4294; x_wconf 88' lang='lat' dir='ltr'>et</span> <span class='ocrx_word' id='word_1_317' title='bbox 965 4234 1170 4312; x_wconf 84' lang='lat' dir='ltr'>incorruptam</span> <span class='ocrx_word' id='word_1_318' title='bbox 1179 4232 1322 4313; x_wconf 88' lang='lat' dir='ltr'>speciem,</span> <span class='ocrx_word' id='word_1_319' title='bbox 1339 4238 1490 4311; x_wconf 87' lang='lat' dir='ltr'>postremo</span> 
     </span>
     <span class='ocr_line' id='line_1_37' title="bbox 368 4332 1490 4417; baseline 0.003 -24"><span class='ocrx_word' id='word_1_320' title='bbox 368 4332 541 4393; x_wconf 86' lang='lat' dir='ltr'>facilitatem</span> <span class='ocrx_word' id='word_1_321' title='bbox 560 4350 637 4406; x_wconf 92' lang='lat' dir='ltr'>eam,</span> <span class='ocrx_word' id='word_1_322' title='bbox 650 4350 727 4408; x_wconf 91' lang='lat' dir='ltr'>quae</span> <span class='ocrx_word' id='word_1_323' title='bbox 742 4353 759 4393; x_wconf 92' lang='lat' dir='ltr'>e</span> <span class='ocrx_word' id='word_1_324' title='bbox 775 4334 836 4394; x_wconf 89' lang='lat' dir='ltr'>leni</span> <span class='ocrx_word' id='word_1_325' title='bbox 853 4341 883 4396; x_wconf 87' lang='lat' dir='ltr'>et</span> <span class='ocrx_word' id='word_1_326' title='bbox 901 4344 971 4416; x_wconf 92' lang='lat' dir='ltr'>apta</span> <span class='ocrx_word' id='word_1_327' title='bbox 989 4338 1257 4417; x_wconf 89' lang='lat' dir='ltr'>comprehensione</span> <span class='ocrx_word' id='word_1_328' title='bbox 1273 4338 1490 4397; x_wconf 88' lang='lat' dir='ltr'>sententiarum</span> 
     </span>
     <span class='ocr_line' id='line_1_38' title="bbox 370 4436 1489 4523; baseline 0.003 -24"><span class='ocrx_word' id='word_1_329' title='bbox 370 4437 477 4511; x_wconf 90' lang='lat' dir='ltr'>oritur,</span> <span class='ocrx_word' id='word_1_330' title='bbox 496 4441 601 4497; x_wconf 90' lang='lat' dir='ltr'>contra</span> <span class='ocrx_word' id='word_1_331' title='bbox 617 4436 739 4497; x_wconf 84' lang='lat' dir='ltr'>horrida</span> <span class='ocrx_word' id='word_1_332' title='bbox 753 4439 896 4520; x_wconf 87' lang='lat' dir='ltr'>pleraque</span> <span class='ocrx_word' id='word_1_333' title='bbox 914 4443 1123 4523; x_wconf 87' lang='lat' dir='ltr'>deprehendo,</span> <span class='ocrx_word' id='word_1_334' title='bbox 1143 4449 1174 4503; x_wconf 92' lang='lat' dir='ltr'>et</span> <span class='ocrx_word' id='word_1_335' title='bbox 1189 4445 1264 4504; x_wconf 72' lang='lat' dir='ltr'>diua</span> <span class='ocrx_word' id='word_1_336' title='bbox 1281 4448 1311 4503; x_wconf 90' lang='lat' dir='ltr'>et</span> <span class='ocrx_word' id='word_1_337' title='bbox 1327 4443 1489 4521; x_wconf 89' lang='lat' dir='ltr'>incompta,</span> 
     </span>
    </p>
   </div>
   <div class='ocr_carea' id='block_1_5' title="bbox 0 0 1636 5500">
    <p class='ocr_par' dir='ltr' id='par_1_6' title="bbox 0 0 1636 5500">
     <span class='ocr_line' id='line_1_39' title="bbox 0 0 1636 5500; baseline 0 0"><span class='ocrx_word' id='word_1_338' title='bbox 0 0 1636 5500; x_wconf 95' lang='lat' dir='ltr'> </span> 
     </span>
    </p>
   </div>
  </div>
 </body>
</html>
