3242 5500
448 565 561 615 menn
588 565 757 618 ruamus.
787 552 803 630 §
833 549 913 616 149.
1173 550 1244 618 339

119 737 233 810 alieno
271 737 307 809 in
345 737 421 809 loeo
455 739 685 826 collocantur,
723 747 783 812 aut
815 740 877 825 iis,
903 763 992 835 quae
1015 763 1183 812 novamus
1209 748 1243 812 et

119 848 267 921 facimus
286 848 365 943 ipsi.
417 847 461 920 In
485 849 635 945 propriis
659 849 771 944 igitur
792 857 843 921 est
866 848 980 921 verbis
998 849 1058 922 illa
1075 851 1151 922 laus
1168 874 1242 922 ora·
1271 871 1316 918 110

119 958 222 1043 toria,
257 965 298 1028 ut
322 955 458 1030 abieoto
481 965 586 1055 atque
610 957 766 1030 obsoleta
790 958 923 1053 fugiat,
950 958 1049 1030 laetis
1074 967 1180 1055 atque
1203 959 1243 1032 il·

120 1065 291 1138 lustribus
314 1075 446 1152 utatur,
473 1067 509 1138 in
533 1065 663 1163 quibus
688 1068 834 1164 plenum
857 1067 1037 1162 quoddam
1060 1076 1093 1140 et
1118 1093 1246 1140 sonans

120 1177 234 1248 inesse
266 1174 436 1248 videatur.
490 1176 559 1248 Sed
583 1177 621 1248 in
640 1177 706 1249 hoo
732 1177 915 1249 verborum
938 1201 1066 1272 genere
1087 1179 1245 1274 proprio·

119 1310 197 1357 rum
235 1284 391 1357 delectus
426 1293 479 1358 est
516 1287 660 1382 quidam
695 1285 900 1372 habendus,
927 1294 1032 1382 atque
1054 1287 1084 1358 is
1110 1287 1247 1358 aurium

119 1394 273 1490 quodam
295 1394 426 1466 iudicio
449 1395 716 1490 ponderandus;
744 1397 781 1467 in
805 1421 876 1488 quo
901 1395 1118 1468 consuetudo
1141 1397 1247 1468 etiam

120 1505 210 1576 bene
233 1503 401 1599 loquendi
421 1504 511 1575 valet
534 1505 740 1602 plurimum.
774 1504 901 1601 Itaque
918 1504 1000 1591 hoe,
1028 1505 1122 1600 quod
1142 1505 1246 1600 vulgo
1273 1529 1319 1576 151

119 1615 180 1700 [de
209 1608 422 1708 oratoribus]
454 1613 499 1685 ab
528 1614 701 1710 imperitis
725 1614 794 1687 dici
819 1615 925 1700 solet,
950 1612 1246 1701 1000110000,

118 1732 178 1796 aut
206 1719 368 1818 [aliquia]
391 1746 461 1796 000
483 1721 580 1798 donis
601 1723 726 1809 utitur,
753 1748 825 1796 non
838 1731 911 1795 arte
927 1723 1046 1818 aliqua
1058 1724 1245 1820 perpendi-

118 1833 237 1919 ditur,
276 1833 338 1905 sed
373 1833 526 1928 quodam
559 1833 660 1930 quasi
684 1834 835 1906 naturali
858 1858 963 1906 sensu
988 1833 1182 1919 iudicatum
1209 1834 1246 1906 in

118 1967 189 2041 quo
225 1965 296 2012 non
333 1963 462 2037 magna
496 1942 571 2014 leus
597 1951 648 2014 est
671 1943 780 2014 vitare
804 1943 929 2015 vitium
955 1937 1185 2038 [quemquam
1210 1943 1248 2016 id

119 2060 172 2124 est
194 2045 403 2146 magnum],
428 2061 693 2124 verumtamen
718 2051 784 2124 hoo
807 2053 908 2147 quasi
934 2051 1048 2123 solum
1069 2051 1247 2147 quoddam
1289 2137 1290 2142 ἵ

118 2172 227 2256 atque
262 2159 534 2231 fundamentum
571 2171 624 2234 est
660 2161 845 2232 verborum
876 2185 961 2232 usus
996 2169 1029 2232 et
1062 2161 1162 2256 eopia·
1184 2159 1245 2232 bo·

121 2293 258 2342 norum.
312 2267 402 2355 Sed,
441 2269 528 2364 quid
562 2269 638 2366 ipse
671 2268 832 2342 aedificet
867 2276 1001 2354 orator,
1036 2276 1070 2340 et
1103 2269 1140 2342 in
1178 2293 1249 2366 quo
1275 2285 1322 2331 15³

120 2379 291 2474 adiungat
318 2386 446 2465 artem,
484 2379 522 2450 id
547 2403 623 2451 esse
647 2379 750 2452 nobis
776 2378 1017 2476 quaerendum
1043 2373 1167 2475 [atque
1190 2403 1247 2450 ex·

122 2481 344 2585 plicandum]
370 2488 519 2561 videtur.

170 2597 253 2669 Tria
283 2606 366 2669 sunt
394 2597 505 2693 igitur
528 2597 565 2669 in
587 2597 692 2670 verbo
716 2598 888 2694 simplici,
915 2622 1004 2692 quae
1028 2605 1142 2670 orator
1166 2597 1250 2670 affe·
1277 2607 1322 2675 38

122 2714 174 2779 rat
210 2706 256 2778 ad
290 2705 535 2780 illustrandam
558 2714 664 2804 atque
689 2708 927 2781 exornandam
950 2707 1162 2795 orationem,
1188 2715 1249 2780 aut

123 2817 335 2889 inusitatum
379 2812 577 2912 [verbum]‚
612 2826 674 2890 aut
706 2825 892 2903 novatum,
931 2825 992 2890 aut
1028 2817 1246 2889 translatum.

124 2926 301 2999 Inusitata
324 2935 407 2998 sunt
430 2926 544 3022 prisca
573 2927 707 2999 fereae
732 2935 887 3013 vetusta,
915 2934 948 2999 et
971 2926 1014 2998 ab
1041 2952 1109 2999 usu
1133 2928 1247 3022 quoti·
1275 2951 1321 2999 isa

122 3036 221 3108 diani
245 3036 415 3107 sermonis
437 3036 506 3107 iam
532 3036 595 3107 diu
619 3036 832 3123 intermissa,
861 3061 950 3135 quae
969 3044 1053 3109 sunt
1069 3045 1250 3133 poetarum

122 3146 286 3218 licentiae
319 3145 498 3231 liberiora,
538 3170 643 3241 quam
669 3155 823 3232 nostrae;
863 3147 925 3219 sed
946 3156 1065 3218 tamen
1088 3170 1165 3218 raro
1189 3144 1249 3217 ha-

121 3256 183 3329 bet
218 3256 324 3327 etiam
352 3255 390 3327 in
413 3255 569 3328 oratione
594 3255 770 3351 poeticum
794 3256 939 3353 aliquod
963 3255 1110 3328 verbum
1132 3254 1248 3349 digni·-

119 3373 244 3437 tatem.
298 3364 423 3461 Neque
448 3366 542 3438 enim
567 3365 657 3437 illud
681 3365 834 3460 fugerim
859 3366 995 3451 dicere,
1011 3373 1063 3447 aut
1088 3364 1250 3449 Coelius,

119 3500 193 3571 quo
227 3486 425 3569 tenpestate
455 3474 595 3548 Poenus
629 3474 667 3547 ia
697 3472 845 3547 Italiam
872 3474 986 3547 veuit:
1015 3472 1250 3568 1100000100,

118 3591 184 3655 aut
218 3582 384 3669 subolem,
422 3591 484 3656 aut
505 3579 602 3678 fori,
636 3592 696 3657 aut
718 3608 933 3678 nuaoatpare,
961 3591 1042 3669 aut,
1070 3591 1110 3655 ut
1132 3590 1173 3653 tu
1196 3606 1249 3653 so·

119 3893 197 3943 nibus
211 3895 291 3950 solet,
309 3890 447 3940 subiectum
460 3892 541 3953 ipsum
554 3891 580 3939 in
595 3893 663 3941 elau·
749 3893 805 3941 152.
825 3892 991 3955 quaerendum
1018 3892 1105 3953 [alque
1124 3894 1250 3954 explican-

117 3971 303 4033 anteponitur.
335 3971 414 4035 igitur
428 3970 624 4028 emendandum,
640 3976 665 4019 et
713 3972 794 4033 dam}
841 3971 898 4020 Alio
925 3970 1007 4019 inutili
1032 3972 1252 4033 interpretamento

119 4049 343 4113 distinguendum,
373 4050 418 4097 aed
449 4052 531 4097 tamea
557 4048 665 4098 oratoria
713 4050 823 4099 eiusdem
845 4050 979 4111 quaerendi
998 4048 1069 4097 verbi
1092 4049 1196 4099 liberavi
1214 4051 1251 4099 lo·

119 4130 196 4191 quari
215 4129 663 4175 solum-eatmboramueaa-.
714 4142 875 4189 oumsupra,
892 4132 903 4187 §
921 4127 960 4177 57.

121 4207 155 4255 Et
177 4207 213 4255 sie
234 4206 344 4267 loquitur
365 4206 434 4254 Brut.
456 4210 468 4264 5
492 4207 550 4254 258.
591 4206 665 4264 Quod
746 4206 791 4253 aut
804 4206 953 4253 1001110100
968 4206 1102 4267 [verbum]
1117 4208 1176 4255 Post
1192 4206 1251 4263 illa,

119 4291 208 4333 autem
227 4284 266 4333 hia
279 4284 453 4346 praeponitur,
468 4298 614 4346 quamquam
627 4286 665 4331 est
714 4286 740 4331 10
753 4286 823 4333 aerbo
836 4284 956 4346 simplici,
978 4285 1058 4346 aptius
1078 4284 1153 4333 credo
1173 4286 1253 4334 omitti

120 4378 254 4427 maenum,
269 4377 318 4424 quo
332 4362 407 4412 modo
419 4363 520 4411 tandem
532 4362 664 4410 terendum
712 4365 818 4411 0011010.

121 4448 177 4501 est,
199 4445 331 4503 postquam
352 4442 446 4491 dietum
467 4446 531 4490 esset
550 4455 604 4489 eam
617 4454 666 4488 000
749 4443 804 4490 103.
822 4442 866 4489 sed
879 4442 961 4489 tamea
975 4455 1034 4491 raro
1047 4442 1118 4489 labet
1131 4441 1250 4502 -111001

119 4536 239 4585 mappam
253 4520 350 4568 laudem
363 4522 434 4569 esse?
456 4520 525 4568 Nihil
537 4524 588 4568 tam
603 4521 664 4568 stul·
715 4520 800 4567 tatem.
836 4521 918 4578 Quum
938 4519 1012 4567 modo
1027 4518 1123 4567 dicatur
1136 4520 1251 4569 inusitata

120 4606 178 4647 111111
192 4599 303 4662 reperias
317 4613 406 4660 supra,
422 4602 434 4657 ς
450 4600 496 4657 38,
510 4612 564 4659 sqq.
713 4597 756 4645 illa
779 4600 908 4658 poetarum
929 4597 1042 4646 licentiae
1057 4596 1171 4647 liberiora
1185 4612 1251 4659 esse,
