3242 5500
498 571 610 620 urana
636 569 838 622 snconuus.
867 555 884 636 §
911 554 967 623 89.
1225 553 1293 627 157

167 765 251 813 eum
274 766 352 813 sum
377 742 594 830 cohortatus
620 751 660 815 ut
682 744 797 817 forum
824 743 891 817 sibi
915 744 1040 817 ludum
1062 751 1201 839 putaret
1219 769 1294 817 esse

170 844 235 945 [ad
248 847 493 948 discendum]‚
507 854 717 948 magistrum
729 862 864 941 autern,
880 879 985 950 quem
997 854 1118 940 vellet,
1133 853 1292 950 eligeret,

165 984 225 1032 me
248 960 392 1056 quidem
416 961 445 1033 si
470 962 627 1049 audiret,
652 962 694 1035 L.
723 963 906 1036 Crassum:
932 964 1028 1061 quod
1044 964 1111 1037 iste
1128 964 1292 1059 arripuit,

165 1076 203 1141 et
235 1069 284 1141 ita
314 1095 389 1142 sese
413 1072 588 1144 facturum
612 1064 849 1159 confirmavit,
876 1080 980 1169 atque
1005 1073 1110 1145 etiam
1135 1073 1291 1159 addidit,

165 1180 302 1274 gratiae
324 1180 455 1253 scilicet
477 1205 601 1268 causa,
628 1206 684 1253 me
709 1205 851 1278 quoque
877 1181 944 1254 sibi
967 1182 1174 1277 magistrum
1198 1182 1291 1253 futu-

163 1312 257 1361 rum.
310 1287 380 1362 Vix
400 1315 514 1363 annus
537 1291 780 1364 intercesserat
801 1290 846 1363 ab
871 1290 937 1362 hoc
955 1314 1114 1362 sermone
1134 1290 1291 1362 cohorta-

162 1398 272 1470 tionis
296 1423 416 1486 meae,
442 1425 553 1496 quum
578 1401 645 1472 iste
665 1401 839 1472 accusavit
857 1400 898 1472 C.
936 1399 1290 1486 Norbanum‚defeu-

163 1506 273 1579 dente
310 1533 378 1580 me.
431 1509 513 1581 Non
544 1517 597 1582 est
627 1508 794 1582 credibile
821 1509 908 1604 quid
943 1510 1111 1582 interesse
1136 1508 1223 1580 mihi
1249 1510 1292 1582 sit

162 1616 281 1688 visum
304 1618 398 1689 iuter
421 1643 521 1704 eum,
548 1619 610 1715 qui
634 1626 712 1691 tum
737 1625 827 1705 erat,
842 1626 875 1690 et
888 1619 949 1714 qui
962 1642 1054 1690 anno
1067 1627 1148 1691 ante
1161 1619 1288 1693 luerat:

161 1726 311 1797 omnino
344 1727 381 1799 in
418 1728 508 1800 illud
543 1753 656 1824 genus
682 1753 763 1800 eum
788 1727 907 1800 Crassi
931 1729 1160 1824 magnificum
1185 1737 1291 1825 atque

159 1835 381 1931 praeclarum
407 1845 532 1909 natura
556 1838 632 1935 ipsa
657 1836 825 1909 ducebat:
853 1837 916 1908 sed
940 1861 980 1908 ea
1004 1861 1075 1909 non
1101 1839 1185 1910 satis
1209 1863 1289 1935 pro·

158 1945 267 2016 ficere
303 1947 495 2041 potuisset,
532 1949 602 2020 nisi
640 1947 763 2019 eodem
802 1946 920 2018 studio
957 1954 1063 2042 atque
1096 1948 1290 2020 imitatione

158 2054 394 2141 intendisset,
421 2064 528 2152 atque
552 2057 601 2129 ite
626 2057 741 2129 dicere
765 2063 988 2142 consuesset,
1014 2064 1053 2128 ut
1076 2063 1150 2128 tota
1174 2066 1290 2130 mente

158 2163 332 2235 Crassum
355 2171 460 2260 atque
484 2166 582 2238 omui
606 2166 724 2237 animo
748 2166 954 2238 intueretur.

209 2272 306 2368 Ergo
329 2273 395 2346 hoc
417 2275 463 2346 sit
487 2275 642 2370 primum
666 2275 703 2347 in
728 2275 921 2370 praeceptis
946 2275 1053 2361 meis,
1080 2282 1119 2348 ut
1143 2277 1286 2348 demon·
1314 2277 1360 2346 22

157 2392 340 2468 stremus,
368 2406 474 2478 quem
509 2384 667 2457 imitetur
696 2379 840 2480 [atque
865 2385 914 2456 ita
938 2390 996 2470 ut,
1023 2409 1112 2481 quae
1137 2386 1288 2457 maxime
1313 2403 1344 2447 ⁹0

157 2491 335 2564 excellant
359 2492 397 2564 in
417 2517 478 2578 ee,
505 2517 610 2589 quem
623 2492 839 2579 imitabitur,
862 2517 903 2565 ea
924 2492 1193 2589 diligentissime
1209 2520 1287 2590 per-

156 2597 359 2697 sequatur}
411 2602 502 2674 'lum
534 2603 675 2675 accedat
700 2603 921 2689 exercitati0,
948 2628 1018 2699 qua
1033 2604 1135 2676 illum
1148 2613 1285 2701 ,quern

155 2944 203 3007 qui
215 2957 361 3006 progressus
372 2942 441 2991 facit.
459 2944 522 3001 Sed,
535 2943 696 3006 utperdbla·
744 2947 770 2992 et
789 2944 871 2991 essent
890 2957 936 3004 pro
955 2945 1030 3000 aunt,
1045 2944 1285 2993 &reuerterentur

153 3024 239 3073 tivum
260 3022 314 3083 quis
337 3021 433 3070 dicatur
452 3024 544 3069 natura
558 3023 697 3084 proficere,
743 3022 879 3084 legendum
906 3034 974 3079 esse,
1003 3021 1069 3082 quod
1089 3035 1103 3069 a
1124 3022 1219 3084 copncni
1239 3022 1284 3071 ista

154 3100 278 3151 Latinum
291 3114 343 3148 nou
356 3104 400 3149 est.
418 3099 487 3148 Nihil
499 3100 588 3148 melius
600 3100 697 3161 reperio
744 3100 891 3162 penderent.
926 3099 976 3147 Sed
997 3098 1037 3147 hie
1057 3114 1154 3161 quoque
1171 3105 1284 3162 ternpore

154 3195 235 3243 quam
249 3184 278 3227 ut
293 3178 438 3242 corrigatur,
452 3178 479 3225 i'n
492 3193 532 3237 ec,
545 3179 562 3226 i.
577 3194 599 3227 e.
614 3179 640 3227 in
653 3180 697 3228 illo
744 3179 861 3239 modique
874 3189 1057 3239 componuntur
1067 3178 1144 3235 adid,
1159 3179 1283 3241 quodpri-

153 3272 253 3323 genere
264 3258 406 3320 magnifico.
418 3283 453 3291 —
465 3258 538 3314 Mox,
552 3257 698 3305 aaronem
744 3257 849 3304 marium
869 3257 953 3304 locum
970 3260 1039 3305 tenet
1051 3255 1077 3304 in
1091 3258 1213 3319 principio
1226 3272 1283 3305 sen·

153 3336 306 3385 mutandum
333 3334 359 3381 in
379 3335 513 3382 andaset.-
535 3334 602 3383 conf.
622 3336 653 3383 ad
674 3337 696 3384 I.

153 3420 168 3477 5
187 3417 246 3463 135.
264 3417 346 3473 Quam
358 3412 551 3471 inconsiderate,
564 3413 696 3471 utinaliis‚

150 3494 192 3543 ita
206 3493 231 3540 in
246 3493 294 3541 hoc
306 3490 385 3540 verbo
398 3490 696 3553 Praepositionesalibra-

150 3572 202 3621 riis
213 3573 256 3619 vel
268 3574 469 3631 corrumpantur,
484 3572 526 3618 vel
540 3573 696 3633 affinguntur,

151 3665 240 3712 nuper
253 3664 351 3711 quoque
360 3649 479 3697 indicavit
486 3648 596 3713 Madvig.
604 3651 696 3697 Emen-

149 3731 220 3778 dett.
235 3728 369 3785 Livianae,
382 3727 409 3773 in
423 3728 482 3775 VII.
497 3730 542 3786 25,
559 3727 582 3777 7.

190 3808 234 3855 90.
254 3808 342 3868 [atque
357 3806 395 3852 ita
407 3832 441 3840 —
448 3807 639 3867 peraequatur}
657 3804 697 3854 nb

149 3886 212 3935 aliis
231 3885 290 3933 viris
310 3883 390 3932 doctis
403 3889 470 3932 recte
484 3883 546 3932 haee
559 3899 605 3945 pro
618 3885 695 3933 inter-

149 3965 247 4027 polatis
260 3961 420 4019 habitarunt,
434 3976 561 4023 quumsuo
568 3963 624 4009 loco
630 3962 696 4011 idem

149 4044 254 4091 dicatur
268 4045 280 4099 §
296 4042 341 4099 92,
355 4041 452 4101 sintque
465 4040 566 4102 propria
577 4041 696 4089 exercita-

147 4120 244 4177 tionis,
263 4119 332 4167 cuius
346 4132 404 4167 mox
417 4119 517 4167 demum
530 4119 623 4167 mentio
637 4117 695 4167 sub-

146 4200 245 4248 iicitur.
280 4199 301 4245 E
322 4198 500 4245 nonnullorum
519 4198 599 4246 Codd.
618 4198 695 4245 eolla·

136 4280 237 4334 -tione,
252 4273 382 4337 inquibus
396 4289 501 4336 sequens
513 4277 598 4335 locus,
613 4279 696 4324 maur

147 4356 246 4405 mauce
255 4382 289 4390 —
296 4358 309 4413 ξ
316 4356 528 4415 superaeqnatur,
540 4354 642 4403 ominus
649 4359 694 4413 est,

146 4434 227 4484 facile
242 4433 382 4494 explicatur
395 4432 562 4494 interpolatio.

743 3335 850 3392 tentiae,
865 3336 981 3397 neglecto
994 3348 1032 3391 eo,
1046 3336 1282 3396 quoduonnisimo·

745 3414 805 3462 dnm
822 3414 953 3474 quemdam
967 3412 1071 3461 orationi
1084 3413 1161 3461 addit.
1196 3415 1282 3475 Itaque

744 3492 770 3539 in
784 3492 836 3550 his,
851 3505 899 3539 non
912 3492 943 3539 ut
955 3492 1161 3555 multoscoqnovi,
1176 3492 1282 3553 simplex

744 3569 880 3626 sententia,
895 3575 964 3617 extra
976 3568 1047 3617 illum
1060 3569 1176 3627 modurn,
1191 3576 1283 3619 estnon

744 3648 876 3705 etmulti,
891 3660 951 3709 quos
963 3648 1068 3707 omnent
1103 3650 1159 3696 Nun
1173 3650 1284 3712 neglexit

746 3728 794 3775 hoc
808 3726 948 3789 Madvigius
961 3726 987 3773 iu
1000 3728 1072 3773 Verr.
1087 3728 1131 3774 IV.
1147 3732 1159 3786 ξ
1176 3728 1206 3777 77
1219 3729 1282 3793 (vid.

745 3808 792 3868 Ep.
807 3806 867 3854 Crit.
884 3820 908 3866 p.
925 3803 981 3868 72),
1000 3820 1049 3865 quo
1057 3807 1134 3870 magis
1142 3806 1231 3865 mbor,
1245 3807 1282 3855 vi-

744 3883 1283 3945 rumpraestautissimumnonidemtenuisse

743 3963 769 4009 in
783 3961 871 4011 eadem
885 3962 1015 4021 Oratione,
1035 3966 1047 4020 §
1063 3965 1106 4022 68,
1121 3978 1195 4025 quem
1209 3966 1283 4015 modo

743 4044 907 4098 tractwerat,
927 4046 952 4089 et
969 4040 1012 4088 ubi
1024 4042 1151 4090 audierint
1164 4044 1282 4091 Futurum

744 4120 908 4177 servandum,
927 4119 1019 4182 quippe
1040 4125 1125 4181 aptum
1139 4136 1170 4169 ex
1178 4136 1283 4182 perven-

745 4198 838 4244 turnm
871 4198 910 4245 De
924 4197 973 4246 hec
986 4212 1078 4261 genere
1091 4204 1220 4261 syntaxeos
1234 4200 1284 4247 dixi

743 4275 770 4324 in
787 4276 896 4324 Scholia.
911 4278 1037 4337 Hypomu.
1052 4278 1073 4324 1.
1089 4293 1114 4339 p.
1130 4279 1170 4326 69.
1189 4279 1282 4339 Supra,

745 4358 758 4413 ξ
774 4354 804 4403 71
819 4354 888 4413 init,
902 4354 994 4403 videris
1002 4355 1124 4415 posuisse,
1140 4357 1202 4417 quid
1213 4370 1284 4417 φον-

744 4433 822 4491 teret,
844 4432 986 4487 defenditur
1001 4433 1178 4495 Imperfectum
1192 4434 1242 4492 sic,
1257 4438 1285 4483 ut

185 4514 279 4561 multoc
304 4512 446 4559 imitatores
469 4538 504 4546 —
523 4512 697 4559 annectantur
743 4512 862 4569 voluerit,
872 4512 989 4572 posuisti,
1005 4512 1205 4573 quidoporteret.
1228 4516 1285 4562 Non

148 4592 283 4641 imitando.
307 4588 694 4651 inhisumestussnspicabntur,

743 4590 870 4653 intelligo,
886 4604 935 4651 quo
948 4591 1000 4637 iure
1014 4589 1082 4638 hunc
1098 4592 1180 4639 locum
1195 4592 1227 4639 ad
1240 4593 1285 4640 de·
