3242 5500
344 551 450 626 flua
586 589 604 603 .
694 549 1189 632 nrnnnsncuunus.§147.
1285 578 1297 610 ι

381 766 452 814 non
477 743 621 838 ingenio
645 743 776 839 primas
800 742 1007 827 concedere;
1033 743 1095 815 sed
1120 750 1238 814 tamen
1264 742 1381 837 ipsum
1405 743 1490 838 inge·

313 869 358 914 ¹4⁸
382 852 482 924 nium
518 852 701 948 diligentia
736 851 843 924 etiarn
880 877 924 924 ex
947 852 1111 924 tarditate
1139 851 1281 938 incitat,
1305 851 1491 946 diligentia,

382 962 548 1056 inquam,
583 986 674 1056 quae
695 986 807 1057 quum
829 961 993 1034 omnibus
1019 961 1056 1033 in
1082 960 1206 1046 rebus,
1233 968 1311 1032 tum
1335 961 1372 1031 in
1395 961 1492 1033 causis

383 1069 614 1143 defendendis
643 1071 838 1168 plurimum
866 1071 967 1142 valet.
1020 1069 1119 1142 Haec
1148 1068 1335 1165 praecipue
1364 1070 1493 1141 colenda

384 1186 437 1252 est
470 1179 591 1267 nobis,
625 1180 711 1252 hacc
743 1204 881 1275 semper
917 1178 1134 1265 adhibendo;
1170 1179 1276 1266 haec,
1314 1177 1405 1250 nihil
1431 1187 1492 1263 est,

384 1288 479 1384 quod
510 1314 581 1362 non
613 1298 831 1386 assequatur.
884 1289 999 1362 Causa
1029 1297 1070 1362 ut
1100 1289 1262 1384 penitus,
1290 1288 1385 1384 quod
1408 1289 1493 1360 initio

384 1398 477 1484 dixi,
515 1406 599 1471 nota
633 1400 700 1485 sit,
739 1399 924 1494 diligentia
954 1407 1023 1472 est:
1051 1407 1091 1472 ut
1116 1398 1352 1471 adversarium
1376 1403 1494 1470 attente

375 1507 588 1594 audiamur,
625 1517 730 1605 atque
768 1517 806 1580 ut
843 1509 918 1581 eius
952 1532 1024 1580 non
1059 1508 1173 1580 solum
1206 1508 1415 1593 sententias,
1443 1505 1493 1579 scd

385 1616 491 1689 etiam
519 1617 625 1690 verba
654 1618 772 1690 omnia
796 1618 1031 1714 excipiamus,
1057 1618 1175 1690 vultus
1198 1617 1351 1711 denique
1375 1616 1493 1713 perspi·

384 1725 518 1798 ciamus
545 1751 687 1814 omnes,
718 1727 780 1823 qui
807 1750 931 1800 sensus
960 1726 1070 1799 animi
1097 1727 1305 1823 plerumque
1331 1726 1494 1810 indicant,

314 1871 359 1914 mr
385 1835 568 1932 diligentia
593 1845 665 1908 est:
695 1831 749 1931 [id
773 1844 892 1908 tamen
917 1836 1181 1909 dissimulanter
1209 1835 1341 1921 facere,
1366 1860 1411 1908 ne
1438 1833 1494 1908 sibi

386 1945 446 2016 ille
476 1945 611 2040 aliquid
645 1946 813 2042 proficere
838 1946 1017 2032 videatur,
1050 1945 1238 2042 prudentia
1263 1940 1332 2040 est]
1362 1944 1493 2029 deinde,

385 2054 485 2126 utin
510 2055 554 2126 iis
575 2055 672 2141 locis,
695 2079 783 2151 quos
808 2079 1001 2152 proponam
1026 2055 1144 2152 paullo
1168 2062 1267 2151 post,
1290 2054 1495 2150 pervolvatur

385 2164 544 2251 animus,
575 2172 614 2236 ut
643 2165 785 2261 penitus
809 2165 966 2238 insinuet
990 2165 1027 2237 in
1052 2189 1213 2250 causam,
1240 2172 1280 2236 ut
1307 2165 1351 2238 sit
1375 2188 1453 2235 cura
1467 2171 1496 2233 et

385 2275 596 2371 cogitatione
629 2276 806 2362 intentus,
840 2275 1025 2371 diligentia
1062 2283 1115 2347 est
1155 2269 1211 2369 [ut
1242 2273 1298 2346 his
1321 2273 1424 2346 rebus
1446 2270 1496 2344 ad-

385 2384 523 2471 hibeat,
561 2393 741 2479 tamquam
776 2385 895 2457 lumen
929 2385 1094 2480 aliquod,
1129 2384 1353 2469 memoriam,
1386 2391 1426 2454 ut
1447 2405 1495 2452 ro-

316 2532 362 2579 150
387 2518 484 2581 cem,
521 2503 561 2566 ut
598 2489 718 2588 viresl.
771 2494 871 2566 Inter
906 2495 1089 2590 ingenium
1121 2493 1266 2590 quidem
1296 2502 1332 2566 et
1359 2491 1496 2587 diligen·

386 2603 471 2676 tiam
508 2603 768 2699 perpaullulum
803 2604 871 2676 loci
903 2605 1078 2700 reliquum
1100 2603 1258 2676 astarti:
1286 2627 1341 2676 ars
1365 2602 1496 2674 demon·

421 2946 477 2992 148.
495 2957 569 2991 eausa
582 2970 616 2979 —-
629 2943 745 2991 notarit.
779 2942 924 2993 Necessario
974 2947 1041 2992 recte
1058 2942 1207 3005 interpolata
1221 2956 1274 2991 esse
1287 2941 1404 2990 indicavit
1417 2942 1499 3002 Kayse-

385 3021 575 3085 corrigendum,
590 3022 687 3085 coquite
699 3023 742 3069 eit.
974 3036 1032 3081 rus,
1055 3027 1079 3069 et
1099 3025 1196 3083 gratum
1216 3019 1288 3069 nobis
1307 3020 1419 3078 fecisset,
1436 3020 1500 3067 sira·

419 3100 548 3163 diligentia
561 3099 608 3147 est.
643 3102 713 3156 Hoc,
727 3098 857 3161 aliquoties
871 3098 921 3147 h.l.
974 3100 1053 3149 tiones
1071 3098 1154 3147 iudicii
1169 3099 1206 3147 sui
1220 3099 1384 3160 explicuisset.
1409 3098 1457 3147 Sed
1468 3096 1498 3144 ni·

385 3178 514 3236 iteratum,
529 3178 630 3236 melius,
645 3179 747 3239 opinor,
762 3178 797 3226 sic
810 3177 923 3226 enuntia·
976 3178 1011 3225 hii
1025 3182 1062 3226 est
1075 3176 1259 3234 inillisverbis,
1274 3178 1341 3237 quod
1347 3176 1444 3225 defendi
1450 3189 1500 3237 pos·

385 3255 465 3315 bitur,
484 3257 626 3320 diligentiae
638 3257 684 3303 est.
975 3256 1014 3305 sit.
1049 3254 1096 3303 Hie
1113 3258 1186 3303 retas
1203 3269 1279 3316 quum
1293 3255 1366 3313 dicit,
1379 3266 1501 3316 perperam

419 3336 503 3382 tultae
521 3360 556 3370 —-
569 3349 657 3383 omnes.
692 3334 764 3383 Idem
777 3336 875 3396 plurale
889 3338 926 3383 est
975 3334 1057 3383 omnia
1070 3336 1126 3393 illa,
1148 3348 1211 3395 quae
1224 3334 1299 3381 modo
1313 3334 1451 3396 diligentiae
1462 3331 1500 3379 tri·

388 3414 438 3462 111.
454 3417 466 3471 §
480 3414 538 3461 216.
925 3465 927 3470 ,
974 3411 1123 3471 bachantur,
1131 3410 1500 3473 rerumnomineccmplectitur:

410 3494 479 3541 ¹149.
501 3492 541 3555 [id
561 3493 644 3539 tamen
662 3518 697 3526 —
711 3490 850 3552 prudentia
864 3492 925 3552 est].
974 3496 1041 3549 turn,
1056 3506 1137 3552 neque
1150 3491 1307 3548 memoriam,
1325 3503 1502 3552 nequeamus,

387 3572 464 3619 Recte
475 3571 539 3619 haec
549 3571 633 3632 spuria
644 3569 826 3618 visasuntviris
834 3569 926 3627 doctis;
975 3584 1056 3631 neque
1069 3571 1133 3619 uires
1143 3570 1257 3618 adhibere
1264 3568 1454 3631 reuepropriae
1461 3568 1502 3614 La-

387 3662 439 3697 nec
454 3649 583 3711 intelligo,
604 3663 654 3710 quo
667 3648 742 3697 modo
757 3662 787 3695 ea
799 3647 927 3696 vindicare
974 3648 1076 3697 tinitatis
1104 3653 1141 3697 est
1164 3648 1319 3711 (maneriam
1339 3648 1450 3696 adhibere
1469 3643 1503 3692 ri·

387 3727 496 3775 voluerit
508 3728 647 3775 Pideritius.
666 3730 723 3775 Non
736 3730 834 3775 tantum
847 3730 927 3773 totum
976 3726 1048 3775 detur
1061 3730 1158 3775 tantum
1172 3726 1274 3774 defendi
1286 3740 1360 3788 posse
1373 3740 1402 3774 ex
1414 3725 1435 3772 1.
1444 3728 1456 3783 ξ
1465 3724 1503 3778 18,

387 3805 452 3852 illud
470 3806 502 3853 de
510 3806 649 3865 prudentia
662 3805 835 3866 intempestive
849 3804 926 3852 inter·
975 3804 1018 3853 ubi
1031 3811 1116 3855 tamen
1129 3820 1180 3853 non
1194 3805 1241 3853 nisi
1254 3819 1299 3866 per
1311 3818 1412 3867 zeugma
1422 3801 1504 3856 fertur,

388 3883 489 3945 ponitur
501 3883 527 3931 in
540 3883 583 3942 iis,
599 3898 662 3946 quae
676 3884 707 3933 de
719 3883 928 3944 diligentiaprae-
977 3898 1053 3945 quum
1073 3884 1173 3946 proprie
1197 3883 1293 3931 dicatur
1307 3883 1428 3931 caulodem
1440 3878 1505 3926 adli·

389 3962 515 4019 (ficantur,
536 3976 584 4010 nec
603 3962 650 4010 nisi
670 3964 770 4010 acutula
787 3960 927 4010 observatio
977 3962 1058 4027 bere),
1072 3964 1200 4023 multoque
1213 3961 1295 4009 minus
1309 3960 1393 4009 exiliis
1400 3956 1506 4007 omnibus

389 4045 440 4098 est,
454 4040 499 4089 sed
510 4041 564 4102 ipsa
571 4040 645 4089 dictio
652 4055 699 4089 nec
706 4040 865 4102 proprietati,
881 4053 928 4087 uec
977 4042 1058 4089 lumen
1071 4040 1174 4089 accendi
1187 4038 1261 4088 rebus
1269 4040 1319 4087 dici
1325 4042 1416 4101 potest,
1431 4046 1507 4095 neque

389 4119 559 4181 perspicuitati
572 4119 697 4167 satisfecit.
721 4117 754 4165 Ia
760 4118 852 4179 faeere
863 4119 927 4165 male
977 4118 1078 4168 omnino
1091 4119 1137 4167 ista
1151 4118 1285 4179 quidquam
1298 4118 1421 4180 pertinent
1434 4113 1506 4162 edin-

389 4198 472 4246 reddit
484 4198 544 4254 illa,
565 4198 662 4246 attente
674 4198 777 4245 audire:
792 4210 840 4244 nec
854 4196 928 4244 facile
976 4198 1100 4246 contionis
1112 4198 1245 4255 virtutem,
1260 4211 1335 4257 quam
1350 4210 1420 4243 unam
1431 4194 1457 4240 in
1463 4192 1507 4238 hac

388 4276 535 4339 intelligitur
556 4277 615 4337 quid
636 4277 667 4324 sit
688 4276 874 4323 dissimulanter
888 4276 928 4321 ct·
978 4276 1186 4326 demonstratione
1200 4280 1296 4337 spectat
1308 4273 1437 4323 Antonius.
1466 4270 1507 4319 His

390 4356 458 4402 iente
486 4356 592 4403 audire:
628 4359 697 4411 tum,
728 4351 861 4401 obscurum
892 4357 929 4401 est
977 4355 1051 4417 igitur
1059 4355 1177 4411 exclusis,
1193 4354 1422 4415 queepraeceuunt,
1430 4355 1507 4399 extre·

390 4432 928 4497 quidproficeresibipossevideaturadver-
979 4448 1018 4481 rna
1042 4438 1100 4481 suut
1117 4446 1217 4489 eorum,
1241 4430 1330 4492 quibus
1344 4422 1509 4490 diligentiam)

390 4513 467 4560 sarius
484 4512 555 4571 inde,
574 4512 641 4573 quod
655 4512 717 4559 alter
730 4515 823 4558 attente
837 4510 927 4559 audiat.
979 4510 1087 4559 Antonio
1096 4507 1322 4559 commendabatur:
1330 4508 1394 4555 unde
1401 4502 1508 4557 conficio,

426 4592 468 4654 [ut
485 4592 523 4639 tis
536 4593 653 4638 rebtca—
667 4592 697 4637 ut
710 4589 796 4649 uires}
823 4591 853 4637 Et
867 4589 928 4637 haec
979 4604 1024 4651 pro
1045 4588 1146 4645 deiude,
1174 4588 1310 4653 legendum
1332 4602 1384 4636 esse
1402 4583 1508 4645 lenique.
