3242 5500
441 583 555 631 urana
581 584 783 633 secururs.
812 564 829 645 ἓ
855 564 937 633 346.
1184 563 1251 632 261

125 776 245 825 eorum
270 755 442 828 sactorum
468 755 633 841 habetur,
660 780 750 851 quac
773 764 935 850 suscepta
956 755 1251 828 videnturaviris

123 862 273 935 fortibus
306 866 380 937 sine
405 866 643 938 emolumento
666 890 705 938 ac
730 866 900 961 praemio:
928 890 1017 961 quae
1041 890 1121 937 vero
1144 867 1248 938 etiam

122 996 201 1043 curn
226 972 345 1045 labore
368 981 401 1046 et
421 975 576 1070 periculo
597 975 771 1071 ipsorum,
794 974 1248 1047 haechabentuberrimam

122 1083 257 1176 copiam
280 1084 326 1157 ad
348 1084 582 1171 laudandum,
605 1085 700 1181 quod
721 1092 754 1156 et
767 1085 837 1157 dici
849 1084 1070 1157 ornatissime
1083 1094 1246 1182 possunt,

122 1200 155 1263 et
177 1192 294 1265 audiri
317 1194 496 1267 facillime:
522 1220 562 1267 ea
587 1195 681 1267 enim
705 1195 858 1291 denique
880 1196 992 1267 virtus
1015 1219 1090 1267 esse
1110 1195 1247 1267 videtur

121 1305 332 1397 praestantis
365 1305 449 1391 viri,
485 1329 575 1401 quae
611 1313 662 1377 est
693 1306 873 1378 fructuosa
902 1305 1001 1391 aliis,
1035 1306 1103 1403 ipsi
1127 1314 1244 1378 autem

120 1411 309 1498 laboriosa,
343 1423 403 1486 aut
435 1414 645 1509 periculosa,
679 1423 740 1487 aut
774 1423 867 1487 certe
897 1414 1059 1510 gratuita.
1112 1415 1245 1510 Magna

120 1522 226 1593 etiam
251 1522 311 1594 illa
335 1523 411 1595 laus
437 1532 472 1596 et
492 1523 708 1597 admirabilis
731 1525 842 1597 videri
862 1524 970 1610 solet,
997 1525 1120 1597 tulisse
1143 1550 1244 1597 casus

120 1634 295 1727 sapienter
315 1633 493 1719 adversos,
520 1658 591 1705 non
612 1634 759 1707 fractum
779 1659 855 1706 esse
875 1636 1032 1720 fortuna,
1058 1634 1244 1707 retinuisse

119 1744 153 1812 in
187 1741 295 1815 rebus
332 1744 463 1839 asperis
497 1744 717 1839 dignitatem.
770 1746 897 1840 Neque
930 1751 1047 1816 tamen
1081 1744 1141 1816 illa
1172 1769 1243 1816 non
1270 1763 1315 1813 aar

118 1860 265 1937 ornant,
300 1852 412 1925 habiti
447 1852 615 1940 honores,
653 1854 790 1926 decreta
825 1855 945 1927 virtuti
980 1854 1153 1949 praemia,
1189 1880 1243 1925 res

118 1969 239 2055 gestae
263 1962 403 2035 iudiciis
430 1961 614 2035 hominum
633 1963 892 2060 comprobatam
918 1965 955 2036 in
984 1963 1114 2060 quibus
1138 1965 1243 2037 etiam

117 2072 322 2143 felicitatem
358 2072 471 2167 ipsam
504 2072 649 2145 deorum
683 2074 936 2146 immortalium
973 2072 1103 2146 iudicio
1133 2073 1242 2145 tribui

117 2181 332 2253 laudationis
364 2189 425 2253 est.
479 2182 678 2255 Sumendae
708 2192 827 2256 autem
857 2208 911 2254 res
944 2190 1046 2255 erunt
1078 2191 1140 2255 aut
1168 2208 1240 2255 ma·

117 2291 309 2385 gnitudine
332 2291 578 2387 praestabiles,
602 2302 662 2364 aut
686 2294 840 2366 novitate
862 2293 1012 2388 primae,
1038 2302 1097 2365 aut
1114 2318 1242 2388 genere

116 2403 192 2497 ipso
228 2401 443 2495 singulares:
480 2426 595 2497 neque
629 2403 724 2475 enim
757 2428 901 2500 parvae,
935 2427 1049 2499 neque
1072 2404 1240 2488 usitatae,

116 2535 233 2607 neque
257 2510 417 2605 vulgares
440 2510 688 2598 admiratione,
714 2521 775 2585 aut
800 2513 944 2585 omnino
966 2512 1086 2599 laude,
1112 2512 1241 2608 dignae

116 2621 227 2692 videri
263 2620 387 2691 solent.
453 2615 532 2715 [nst
567 2621 673 2694 etiam
709 2647 790 2694 oum
818 2622 943 2695 ceteris
979 2621 1240 2719 praestantibus
1266 2647 1314 2693 aaa

115 2730 197 2802 viris
241 2729 456 2826 comparatio
488 2730 526 2802 in
559 2730 760 2804 laudatione
793 2727 998 2828 praeclara]
1066 2726 1138 2828 [De
1170 2758 1240 2829 quo

116 2863 246 2936 genere
279 2838 419 2911 libitum
454 2839 543 2912 mihi
575 2850 628 2913 est
661 2842 779 2936 paullo
803 2842 924 2938 plura,
950 2866 1056 2937 quam
1080 2842 1241 2915 ostende·

116 2974 210 3036 ram,
240 2949 374 3035 dicere,
401 2957 567 3022 nontam
592 2958 733 3047 propter
756 2976 862 3024 usum
883 2953 1078 3039 forensem,
1104 2953 1166 3048 qui
1191 2959 1243 3025 est

44 3107 54 3116 -
115 3085 135 3132 a
168 3084 229 3131 me
266 3060 304 3130 in
340 3060 436 3132 omni
473 3058 539 3132 hcc
573 3085 732 3133 sermone
764 3068 954 3148 tractatus,
984 3073 1094 3158 quam
1112 3071 1154 3135 ut
1176 3062 1241 3133 hoc

115 3170 303 3255 videretiS,
329 3171 358 3241 si
380 3169 599 3242 laudationes
625 3180 741 3245 essent
763 3172 800 3243 in
825 3173 970 3244 oratoris
990 3173 1119 3259 officio,
1146 3172 1241 3268 quod

115 3305 221 3352 nemo
260 3288 388 3375 negat,
422 3280 550 3352 oratori
588 3280 758 3353 virtutum
791 3282 952 3354 omnium
982 3283 1240 3378 cognitionem,

116 3391 191 3462 sine
226 3415 299 3485 qua
330 3389 485 3461 laudatio
515 3390 603 3462 effici
629 3414 700 3462 non
723 3391 854 3486 possit,
880 3416 955 3464 0000
980 3387 1239 3486 necessariam]

116 3499 192 3572 lam
224 3498 450 3595 vituperandi
475 3507 659 3595 praecepta
682 3501 865 3573 contrariis
888 3526 930 3574 ex
953 3502 1047 3574 vitiis
1073 3501 1244 3575 sumenda
1269 3544 1316 3588 349

423 3609 436 3656 r

146 3835 205 3885 347.
232 3832 334 3880 decreta
354 3831 442 3880 virtuti
458 3835 581 3892 praemia.
616 3835 655 3882 Sic
705 3836 786 3898 telligi
807 3840 911 3896 possunt
928 3837 995 3882 ceter
1017 3840 1169 3895 praestantes
1183 3837 1243 3885 viri:

114 3915 178 3962 edidi
193 3928 227 3962 ex
235 3908 453 3960 Lambinimente:
467 3912 654 3974 vulgairtutia.
705 3913 786 3961 minus
804 3913 877 3961 etiam
892 3914 1042 3973 comparatio
1050 3917 1193 3972 praeclara.
1300 3911 1306 3922 '

114 3992 192 4056 Artigi
205 3992 254 4039 has
266 3988 404 4038 locutiones
412 3989 519 4037 Scholia.
529 3993 654 4051 Hypomn.
742 3993 785 4053 [de
799 4005 846 4054 qao
857 4005 947 4055 perere
959 3995 1241 4056 —eaceaecearariam.]

113 4072 142 4118 V.
164 4087 190 4133 p.
215 4071 258 4118 23.
273 4094 306 4103 -
321 4069 397 4125 Mox,
419 4068 497 4116 tridui
510 4069 656 4117 mutandum
706 4070 888 4131 Explicandum
908 4075 945 4118 est
966 4084 1029 4131 quae
1050 4085 1089 4119 mc
1110 4072 1136 4118 in
1157 4073 1194 4120 his
1211 4073 1244 4121 ita

113 4163 203 4198 censeo
217 4149 246 4196 in
261 4147 380 4194 tribuere.
706 4149 848 4204 offendant,
867 4153 896 4196 ut
909 4163 938 4196 ea
952 4163 1002 4196 non
1017 4153 1102 4210 putem
1117 4150 1244 4200 Ciceronis

145 4230 205 4276 348.
228 4227 280 4288 [eat
294 4227 369 4273 ettam
380 4238 434 4272 nam
448 4227 655 4286 cetaria-prae-
707 4241 768 4274 esse.
803 4226 928 4285 Primum,
944 4215 1029 4289 aperta
1042 4228 1178 4290 tautologia
1192 4243 1242 4276 ser-

114 4307 206 4367 atura]
231 4307 289 4354 Non
304 4301 391 4352 dubito
405 4305 581 4365 pronuntiare,
595 4305 657 4353 haec
706 4309 778 4353 vatur
791 4305 818 4353 in
832 4305 882 4363 his,
897 4307 1019 4353 virtutum
1027 4307 1245 4367 cognitionemesae

113 4386 196 4446 inepte
218 4383 261 4431 hic
282 4383 431 4443 interpolata
449 4396 510 4430 0000.
546 4384 655 4446 Langui·
707 4383 883 4442 necessariam,
903 4385 1037 4440 cumillis,
1052 4384 1077 4432 in
1092 4399 1176 4446 seqq..
1190 4387 1244 4433 atae

113 4464 172 4512 dum
193 4463 221 4510 in
242 4461 329 4524 primis
346 4461 394 4509 hoc
409 4461 521 4510 adiicitur
535 4462 579 4520 iis,
594 4476 656 4524 quae
706 4463 828 4510 virtutum
846 4465 982 4528 cognitione
995 4464 1094 4511 madert
1107 4478 1155 4511 non
1163 4477 1245 4523 posce.

112 4543 169 4591 satis
184 4541 288 4603 copiose
302 4540 334 4587 de
347 4539 479 4588 virtutibus
493 4541 556 4602 aptis
563 4542 595 4588 ad
602 4542 655 4589 lau·
707 4543 785 4598 Tum,
807 4556 857 4590 non
879 4542 937 4591 sctis
950 4542 1093 4603 conspirant
1106 4542 1182 4600 haec,
1197 4557 1246 4592 non

113 4621 226 4669 dandum
248 4619 411 4680 explicuerat.
446 4621 524 4678 Turn,
547 4634 597 4668 non
617 4619 655 4666 in·
709 4620 760 4666 tam
775 4622 884 4682 propter
900 4635 971 4669 urum
979 4622 1124 4682 forensem,
1139 4625 1164 4670 et
1177 4635 1244 4683 seqq.
