3242 5500
442 573 555 621 aruns
582 573 783 623 sncuunus
813 557 830 637 §
857 555 939 625 235.
1186 545 1259 628 219

123 743 275 828 timeret,
304 743 437 816 nescire
460 768 516 815 me
539 753 656 816 tamen
680 739 719 816 id
745 770 816 818 non
834 747 1001 842 puderet,
1028 747 1124 842 quod
1142 771 1186 820 ne
1203 749 1257 821 illi

123 853 272 948 quidem
290 853 435 938 scirent,
461 853 524 950 qui
540 853 799 948 pollicerentur.
840 854 955 928 Locus
972 864 1089 928 autem
1107 864 1142 928 et
1159 858 1256 952 regio
1282 885 1330 933 aaa

124 961 229 1058 quasi
263 961 404 1034 ridiculi
441 966 539 1049 (nem
572 962 608 1034 id
631 964 789 1058 proxime
813 964 1007 1061 quaeritur)
1036 966 1255 1060 turpitudine
1364 996 1366 1000 ¹

124 1080 162 1144 et
192 1071 414 1144 deformitate
443 1072 596 1167 quadam
625 1073 844 1146 continetur:
872 1073 956 1146 haec
981 1074 1075 1147 enim
1097 1075 1256 1148 ridentur

124 1181 183 1254 vel
209 1180 303 1266 sola,
337 1181 389 1253 vel
411 1181 584 1268 maxime,
611 1207 700 1277 quae
721 1189 848 1255 notant
872 1191 907 1255 et
932 1183 1120 1279 designant
1142 1186 1254 1281 turpi·

123 1290 290 1362 tudinem
313 1290 468 1386 aliquam
489 1314 561 1362 non
582 1292 741 1387 turpiter.
793 1292 858 1364 Est
883 1301 1020 1379 autem,
1047 1301 1086 1365 ut
1103 1293 1148 1364 ad
1165 1294 1257 1367 illud-

123 1400 272 1489 tertium
306 1400 463 1486 veniam,
502 1407 556 1472 est
584 1400 688 1496 plane
709 1402 857 1474 oratoris
880 1427 1017 1474 movere
1042 1403 1170 1488 risum3
1199 1404 1254 1476 vel

124 1508 224 1603 quod
246 1508 325 1604 ipsa
346 1507 504 1582 hilaritas
520 1508 799 1582 benevolentiam
817 1511 979 1583 conciliat
996 1511 1045 1597 ei,
1071 1536 1133 1607 per
1151 1536 1256 1607 quem

124 1616 277 1690 excitata
312 1626 385 1704 est,
424 1619 478 1691 vel
508 1618 602 1714 quod
628 1619 848 1694 admirantur
867 1644 989 1692 omnes
1013 1645 1159 1693 acumen
1185 1645 1256 1692 uno

125 1751 233 1823 saepe
265 1729 303 1799 in
336 1727 442 1799 verbo
473 1728 649 1824 positum,
688 1722 841 1800 maxime
875 1731 1139 1824 respondentia,
1166 1754 1254 1803 non·

124 1860 325 1932 numquam
352 1837 458 1909 etiam
489 1837 711 1924 lacessentis,
741 1838 796 1910 vel
821 1838 917 1934 quod
939 1839 1071 1936 frangit
1095 1839 1253 1911 adversa·

124 1947 241 2032 rium,
284 1946 381 2042 quod
421 1946 592 2042 impedit,
637 1947 733 2043 quod
775 1948 906 2034 elevat,
952 1949 1047 2044 quod
1084 1949 1254 2035 deterret,

124 2057 225 2152 quod
258 2047 408 2141 refutat,
444 2055 500 2127 vel
536 2056 629 2152 quod
665 2056 783 2152 ipsum
806 2066 978 2130 oratorem
1003 2057 1155 2154 politum
1180 2082 1256 2130 esse

125 2166 308 2237 hominem
346 2165 542 2260 significat,
580 2166 677 2260 quod
713 2167 911 2253 eruditum,
946 2168 1041 2264 quod
1065 2167 1254 2250 urbanum3

124 2275 281 2348 maxime
312 2275 410 2370 quod
443 2274 622 2347 tristitiam
657 2301 698 2348 ac
732 2277 951 2349 severitatem
979 2278 1119 2373 mitigat
1144 2285 1179 2350 et
1202 2300 1255 2348 re·

124 2385 243 2470 laxat,
289 2382 499 2480 odiosasque
537 2408 593 2457 res
626 2409 751 2481 saepe,
789 2410 878 2483 quas
917 2387 1135 2482 argumentis
1168 2385 1257 2458 dilui

125 2518 199 2566 non
224 2493 327 2565 facile
348 2502 421 2580 est,
447 2493 524 2566 ioco
547 2494 692 2590 risuque
717 2494 885 2568 dissolvit.
935 2497 1121 2572 Quatenus
1137 2504 1255 2567 autem
1281 2527 1329 2579 237

125 2604 200 2676 sint
237 2602 385 2675 ridicula
416 2603 596 2676 tractanda
619 2605 767 2691 oratori,
794 2628 964 2700 perquam
989 2605 1179 2701 diligenter
1202 2605 1253 2676 vi·

125 2711 287 2785 dendum
314 2721 387 2800 cst;
419 2713 458 2785 id
482 2714 577 2810 quod
600 2713 637 2786 in
662 2722 788 2811 quarto
812 2713 887 2787 looo
913 2715 1105 2811 quaerendi
1130 2739 1255 2811 posue·

124 2846 259 2895 ramus.
299 2823 393 2895 Nam
416 2848 482 2896 nec
503 2824 655 2920 insignis
676 2821 885 2920 improbitas
910 2832 944 2896 et
969 2825 1096 2897 scelere
1112 2825 1255 2911 iuncta,

125 2956 193 3005 uec
222 2956 344 3005 rursus
369 2932 508 3005 miseria
531 2933 683 3029 insignis
706 2933 840 3028 agitata
861 2932 1012 3007 ridetur:
1043 2934 1255 3007 facinorosos

125 3042 260 3113 maiore
295 3041 447 3138 quadam
484 3043 537 3128 vi,
576 3068 683 3139 quam
718 3042 875 3129 ridiculi,
912 3043 1087 3115 vulnerari
1110 3044 1233 3116 volunt
1245 3076 1254 3130 ;

124 3150 274 3223 miseros
309 3149 413 3222 illudi
450 3152 601 3237 nolunt,
636 3152 706 3224 nisi
743 3152 773 3225 si
804 3176 841 3224 se
876 3152 965 3225 torte
998 3155 1147 3227 iactant:
1179 3178 1257 3249 par-

125 3260 280 3333 cendum
304 3266 424 3331 autem
444 3260 597 3333 maxime
614 3268 666 3333 est
682 3262 819 3333 caritati
836 3260 1038 3350 hominum,
1064 3287 1110 3335 ne
1127 3272 1257 3335 temere

124 3372 164 3443 in
190 3394 249 3442 eos
269 3369 387 3455 dicas,
413 3370 475 3465 qui
498 3370 708 3465 diliguntur.

178 3477 278 3551 Haec
313 3479 423 3575 igitur
457 3479 657 3551 adhibenda
693 3486 746 3553 est
770 3479 925 3576 primum
950 3480 987 3551 in
1012 3481 1159 3553 iocando
1182 3504 1255 3551 mo·
1284 3496 1329 3563 59

125 3589 272 3661 deratio.
326 3588 453 3685 Itaque
477 3614 517 3661 ea
538 3589 704 3662 facillime
720 3590 911 3675 luduntur,
938 3614 1027 3686 quae
1045 3613 1159 3685 neque
1176 3589 1257 3662 odio
1283 3620 1330 3665 rra

126 3723 279 3793 magne,
306 3722 372 3771 nec
395 3698 632 3770 misericordia
653 3692 838 3795 [maxima]
860 3699 969 3795 digna
987 3707 1081 3771 sunt.
1122 3699 1255 3774 Quam·

125 3806 250 3879 obrem
280 3807 441 3880 materies
477 3808 593 3879 omnis
632 3807 861 3880 ridiculorum
903 3816 955 3881 est
985 3808 1119 3880 inistis
1144 3808 1256 3894 viriis,

127 3938 220 4011 quae
258 3923 341 3988 sunt
374 3917 412 3988 in
449 3917 519 3990 vita
554 3915 739 3989 hominum
775 3941 891 4014 neque
926 3942 1105 4004 carorum,
1143 3942 1258 4014 neque

117 4213 152 4260 dn
180 4213 328 4262 damnaria.
377 4212 450 4261 conf.
478 4214 552 4261 adl.
574 4218 587 4272 5
609 4215 666 4263 256.
717 4213 836 4262 coarat.

159 4293 220 4341 235.
239 4291 421 4353 quanquam,
436 4292 667 4353 praepararentur.
751 4294 809 4340 238.
845 4306 889 4339 uec
919 4293 1088 4340 misericordia
1120 4293 1255 4355 [murima]

125 4370 309 4433 Reponendum
323 4371 488 4431 quaeramur.
590 4410 597 4426 ,
716 4372 791 4433 dipuo
809 4370 877 4417 aaut.
922 4374 1004 4430 Quum
1026 4371 1160 4432 praecedat
1181 4385 1257 4433 neque

160 4450 219 4497 236.
237 4463 300 4510 quaa
319 4448 474 4509 mamertia
486 4449 550 4496 dilui
564 4446 667 4507 nonfa-
717 4450 772 4496 odio
784 4462 884 4509 magau,
899 4464 950 4497 non
962 4463 1023 4510 opus
1035 4453 1088 4496 erat
1099 4448 1257 4497 Adiectivum

117 4528 173 4575 eiu
183 4528 229 4574 eet.
249 4528 281 4575 In
295 4527 343 4574 hac
349 4524 484 4575 verborum
491 4526 668 4587 compositione
716 4528 821 4586 iterare,
836 4541 918 4588 neque
932 4528 983 4575 ulla
996 4526 1058 4575 ratio
1073 4526 1256 4589 Superlativum

126 4607 225 4667 requiro
238 4604 425 4673 diluaasicnt
437 4604 668 4666 nativumsequitar
717 4605 916 4655 commendabat.
