3242 5500
407 542 475 605 Ν
746 560 860 609 urana
884 559 1054 610 renerus.
1084 544 1102 623 §
1128 542 1186 611 32.

406 736 552 807 aramme
597 744 714 807 tamen
756 728 827 829 [in]
865 734 1123 828 comparatione
1151 736 1358 830 coniungor.
1423 734 1517 809 Vide·

404 850 512 930 tisne,
547 868 659 939 genus
693 843 758 915 hoo
791 842 888 938 quod
911 844 958 915 sit
979 840 1156 915 Antonii?
1181 844 1289 930 forte,
1315 844 1516 931 vehemens,

401 964 616 1029 ‹rorumotum
638 952 855 1048 iungendo,
882 952 1165 1048 praemunitum,
1190 962 1226 1025 et
1248 977 1291 1025 ex
1313 955 1413 1026 omni
1431 965 1517 1051 parte

402 1090 525 1139 causae
543 1072 721 1159 saeptum,
747 1086 841 1148 ecre,
868 1070 1028 1148 acutum,
1055 1062 1295 1149 enucleatum,
1314 1064 1352 1136 in
1371 1088 1516 1161 unaqua-

402 1202 471 1273 que
498 1200 536 1247 re
557 1196 796 1258 commorans,
822 1172 969 1245 honeste
993 1172 1143 1258 cedens,
1168 1174 1293 1245 acriter
1315 1174 1515 1271 insequem,

402 1298 554 1369 terrene,
591 1283 811 1383 supplicans,
849 1306 987 1354 summa
1016 1282 1184 1355 orationis
1215 1284 1405 1369 varietate,
1431 1285 1516 1357 nulla

345 1424 376 1469 sa
404 1405 600 1469 nostrarum
629 1392 766 1464 aurium
797 1392 973 1464 satietate:
1000 1416 1065 1464 nos
1086 1400 1223 1479 autem,
1248 1394 1466 1488 quicumque
1486 1395 1516 1465 in
1599 1485 1600 1488 Ἴ

402 1504 551 1578 dicendo
584 1527 705 1575 sumus
744 1502 926 1597 (quoniam
956 1526 1031 1574 esse
1053 1503 1172 1598 aliquo
1194 1504 1233 1575 in
1257 1528 1406 1576 numero
1432 1503 1516 1575 vobis

401 1615 595 1699 videmur),
627 1620 721 1684 certe
748 1611 936 1684 tamenab
964 1613 1070 1684 huius
1092 1613 1246 1686 multum
1266 1638 1396 1710 genere
1421 1615 1514 1686 dista·

403 1748 500 1809 nrus;
536 1722 632 1819 quod
657 1722 760 1818 quale
783 1721 847 1807 sit,
874 1731 1018 1794 nonest
1042 1747 1161 1794 meum
1182 1723 1318 1809 dicere,
1344 1733 1515 1820 propterea

402 1833 498 1931 quod
526 1832 671 1904 minime
699 1831 766 1903 sibi
789 1831 942 1927 quisque
964 1840 1069 1904 notus
1092 1842 1165 1917 est,
1191 1841 1227 1905 et
1252 1832 1459 1906 difficillime
1479 1834 1514 1904 de

403 1970 439 2017 se
463 1943 612 2039 quisque
636 1942 761 2013 sentit:
790 1940 853 2013 sed
876 1949 995 2013 tamen
1013 1941 1265 2014 dissimilitudo
1278 1943 1432 2039 intelligi
1448 1952 1513 2039 pot·

402 2064 456 2127 est
492 2062 526 2125 et
561 2077 604 2123 ex
638 2058 754 2122 motus
789 2051 860 2121 mei
895 2050 1154 2138 mediocritate,
1194 2060 1228 2123 et
1257 2077 1301 2124 ex
1339 2077 1401 2138 eo,
1431 2052 1514 2148 quod

403 2164 533 2261 quibus
563 2161 720 2257 vestigiis
746 2160 901 2256 primum
921 2161 1056 2247 institi,
1082 2162 1119 2232 in
1142 2162 1186 2233 iis
1209 2162 1282 2233 fere
1307 2162 1401 2234 soleo
1426 2186 1513 2258 pero·

403 2299 498 2361 rare,
526 2282 561 2345 et
585 2270 681 2367 quod
700 2270 879 2366 aliquanto
901 2293 958 2341 me
980 2271 1090 2342 maior
1112 2272 1150 2343 in
1174 2271 1289 2343 verbis
1319 2267 1513 2367 [,quamin

404 2377 604 2477 sententiis]
633 2380 805 2476 eligendis
832 2379 930 2452 labor
947 2388 982 2453 et
998 2404 1081 2452 eura
1097 2390 1238 2476 torquet
1254 2391 1446 2467 verentem,
1465 2406 1513 2465 ne,
1599 2467 1600 2470 Ἴ

403 2496 433 2567 si
450 2494 569 2591 paullo
586 2490 774 2563 obsoletior
791 2490 896 2562 fuerit
912 2491 1041 2577 oratic,
1059 2514 1131 2562 non
1148 2492 1257 2586 digna
1269 2492 1513 2588 exspectatione
1599 2571 1600 2594 χ

346 2628 377 2673 aa
402 2615 436 2678 et
464 2604 603 2676 silentio
628 2601 736 2674 fuisse
758 2600 929 2672 videatur.
957 2600 1065 2676 Quod
1087 2601 1117 2673 si
1141 2601 1179 2672 in
1197 2601 1318 2687 nobis,
1344 2592 1406 2698 qui
1423 2601 1513 2673 adsu-
1599 2597 1600 2628 l

402 2738 501 2800 mus,
526 2720 646 2786 tantae
667 2709 973 2783 dissimilitudines
991 2718 1091 2797 sunt,
1116 2719 1191 2783 tam
1206 2720 1320 2784 certae
1336 2737 1391 2785 res
1408 2712 1512 2784 arrius-

404 2850 473 2920 que
490 2824 668 2920 propriae,
695 2831 728 2893 et
750 2822 787 2893 in
811 2845 852 2892 ea
871 2821 1036 2893 varietate
1060 2821 1133 2893 fere
1158 2821 1285 2894 melius
1310 2847 1332 2894 a
1356 2822 1512 2894 deteriore

403 2935 569 3009 facultate
592 2932 722 3028 magis,
749 2955 857 3028 quam
878 2954 1007 3026 genere
1025 2931 1273 3026 distinguitur,
1298 2941 1406 3029 atque
1421 2954 1513 3004 omne
1598 2962 1599 2981 r

402 3045 587 3128 laudatur,
629 3041 725 3137 quod
765 3041 804 3112 in
839 3065 903 3113 suo
939 3064 1067 3136 genere
1102 3041 1295 3136 perfectum
1332 3051 1402 3126 est3
1436 3038 1511 3136 quid
1598 3032 1599 3039 '

403 3154 575 3239 censetis,
603 3152 633 3224 si
655 3175 797 3237 omneS,
825 3151 887 3246 qui
909 3149 1044 3246 ubique
1068 3158 1152 3223 sunt
1173 3159 1236 3222 eut
1258 3152 1421 3237 fuenrnt,
1444 3173 1511 3221 ora·

403 3276 497 3338 tores
532 3262 696 3358 amplecti
732 3261 972 3332 voluerimus?
1005 3261 1134 3331 Nonne
1156 3260 1230 3332 fore
1255 3270 1316 3346 ut,
1344 3270 1426 3358 quot
1444 3284 1510 3331 ora·
1597 3256 1598 3335 l

453 3590 494 3637 33.
515 3582 783 3648 quominaeateatiia}
798 3582 875 3628 Recte
882 3595 940 3628 sen·
963 3584 966 3625 ἰ
990 3587 1003 3640 5
1020 3583 1075 3628 152.
1091 3582 1159 3628 Brut.
1174 3585 1187 3638 §
1203 3582 1251 3628 162
1265 3585 1291 3628 et
1303 3583 1362 3628 242.
1374 3580 1438 3627 Orat
1450 3578 1510 3635 slot
1596 3604 1597 3633 ,

400 3673 486 3718 serunt
498 3665 545 3713 viri
558 3663 637 3720 docti,
651 3660 713 3708 haec
725 3659 862 3708 omittenda
874 3674 939 3707 ease:
962 3646 966 3676 ¹
988 3665 1014 3708 et
1029 3661 1085 3707 lll.
1100 3661 1166 3707 Dial.
1180 3659 1212 3706 de
1226 3659 1345 3716 Oratore,
1360 3660 1417 3718 539.
1433 3658 1512 3716 Itaque
1596 3690 1597 3727 q

400 3747 507 3796 absolata
527 3745 592 3791 enim
613 3741 694 3789 oratio
707 3737 802 3797 verbis,
817 3753 869 3786 non
881 3753 938 3786 seu·
988 3739 1059 3786 Brut.
1074 3742 1086 3796 5
1101 3741 1133 3785 88
1145 3738 1173 3784 ia
1186 3735 1281 3786 Galbae
1293 3736 1407 3785 laudibus
1416 3735 1463 3782 hoc
1472 3748 1513 3794 po·

400 3825 482 3876 tentiis
499 3822 617 3871 cernitur.
962 3868 964 3877 ¹
988 3817 1067 3873 nitar,
1082 3816 1150 3877 quod
1161 3816 1196 3864 ita
1208 3815 1326 3874 dixisset,
1342 3818 1373 3864 at
1384 3815 1447 3863 aella
1456 3812 1513 3869 sere
1596 3816 1597 3877 J

435 3920 465 3952 ne
484 3930 518 3940 -
537 3915 585 3948 noo
605 3900 678 3962 digno
697 3897 881 3957 erapectctioae
901 3897 940 3956 [et
962 3883 965 3897 '
983 3911 1047 3956 para
1072 3896 1194 3942 orationis
1213 3895 1314 3942 aanor
1329 3892 1512 3957 praeteriretur.
1596 3893 1598 3905 '

399 3982 511 4043 silentio]
521 3979 607 4040 fidere
619 3977 741 4024 videatur.
766 3973 938 4024 Abiicieuduau
988 3974 1110 4035 Quodque
1133 3978 1212 4022 exstat
1231 3973 1264 4021 ad
1284 3976 1334 4032 Qu.
1353 3974 1417 4021 fratr.
1437 3970 1471 4018 11.
1491 3970 1512 4015 l.

399 4060 531 4112 censebam
551 4061 577 4106 et
595 4055 705 4114 cibatio,
727 4054 794 4114 quod
811 4053 939 4100 uantum
988 4055 1043 4111 51,
1057 4053 1171 4100 auditus
1183 4053 1223 4100 eat
1234 4052 1434 4116 munnio,
1448 4048 1511 4096 deeo

399 4145 533 4197 siteorum,
549 4138 768 4200 qnieontemnunt,
782 4138 937 4189 noneurant,
986 4131 1092 4189 dieitur,
1112 4131 1155 4193 qui
1174 4132 1271 4180 senatui
1283 4132 1347 4180 nihil
1358 4129 1476 4193 probaret:
1490 4132 1512 4174 et

401 4223 442 4284 qui
459 4234 541 4281 neque
554 4215 654 4279 probari
667 4212 729 4271 sibi,
750 4226 832 4272 neque
844 4212 939 4273 impro-
961 4225 964 4238 ·
986 4210 1511 4262 ariomedoniviusxxxv111.1o.4.,m

399 4301 461 4359 bari,
480 4311 543 4361 quae
556 4295 668 4350 audiunt,
680 4291 827 4356 significant.
845 4291 937 4353 Igitur,
961 4303 964 4388 q
985 4289 1085 4337 silentio
1096 4288 1177 4336 auditi
1189 4292 1258 4336 mat.
1276 4290 1364 4353 Igitur,
1376 4300 1448 4348 qaam
1459 4289 1511 4346 apta

400 4393 476 4444 quum
490 4381 575 4441 surgat
587 4378 682 4429 orator,
695 4371 939 4419 atbatiumcorouo
961 4393 964 4442 Ι
988 4369 1046 4416 haio
1057 4369 1113 4416 loeo
1121 4368 1324 4428 aiteaeapectatim
1336 4381 1403 4428 quan
1409 4363 1511 4425 explicui

398 4457 535 4526 significari
545 4451 758 4518 posmlatcioero,
772 4450 842 4497 Brut.
856 4449 937 4506 529οι
961 4446 964 4555 q
987 4449 1020 4495 ad
1034 4449 1103 4496 Orat.
1118 4452 1131 4506 5
1145 4449 1203 4505 236,
1217 4452 1244 4495 et
1254 4447 1287 4494 ad
1300 4443 1508 4506 Brut588(Mne·

398 4540 443 4590 sed
464 4539 517 4602 ipsa
534 4533 612 4584 oratio
626 4535 744 4580 alanum
756 4529 781 4574 et
794 4526 939 4574 maurata-
961 4558 964 4648 ἱ
988 4541 1050 4575 moa.
1063 4527 1110 4574 VI.
1126 4541 1153 4588 p.
1167 4525 1242 4589 427),
1258 4521 1510 4587 quaeqaeintelligitar

399 4634 442 4670 aer
472 4614 624 4668 audientium
650 4612 789 4672 exspectat:
817 4605 885 4654 conf.
917 4606 939 4653 l.
988 4619 1072 4666 supra,
1086 4605 1107 4652 1.
1122 4609 1135 4663 5
1151 4605 1198 4655 137
1212 4602 1443 4662 et180,ri‘1entr'au
1456 4600 1509 4646 hinc
