3242 5500
728 528 820 598 20
1435 549 1661 600 LIBER
1712 552 1990 601 PRIMUS
2042 535 2077 615 §
2127 534 2245 602 45.

728 747 874 794 sem
948 722 1265 795 Athenas
1288 781 1306 808 ‚
1382 723 1676 796 florente
1731 722 2110 796 Academia
2134 784 2153 811 ‚
2214 731 2293 796 ut
2347 723 2783 821 temporibus
2831 725 2975 798 illis

726 832 1075 905 ferebatur
1093 893 1112 920 ‚
1198 857 1419 928 quum
1500 858 1654 905 eam
1729 834 2155 906 Charmadas
2219 842 2287 905 et
2357 834 2837 906 Clitomachus
2910 844 2977 907 et

728 943 1114 1015 Aeschines
1162 942 1612 1016 obtinebant:
1667 953 1811 1016 erat
1859 945 2065 1015 etiam
2114 943 2562 1017 Metrodorus
2583 1005 2601 1032 ‚
2655 946 2779 1040 qui
2812 971 2977 1017 cum

32 1019 335 1159 317„ve
346 1047 675 1158 {Aoo-559]
690 1016 719 1064 τι
726 1053 867 1124 illis
914 1078 1056 1126 una
1101 1036 1379 1157 {ipsum
1424 1047 1676 1153 Q}
1718 1054 2150 1125 Carneadem
2181 1054 2593 1150 diligentius
2616 1056 2973 1142 audierat,

164 1212 197 1235 s
221 1154 407 1303 s

136 1247 150 1260 l
302 1270 313 1281 ἱ

729 1162 1086 1236 hominem
1133 1164 1451 1236 omnium
1499 1165 1573 1235 in
1624 1163 1922 1235 dicendo
1943 1223 1961 1251 ,
2012 1172 2091 1236 ut
2137 1163 2455 1237 ferebant
2476 1225 2495 1251 ,
2557 1167 2974 1238 acerrimum

731 1281 801 1344 et
872 1274 1475 1369 copiosissimum:
1553 1273 1833 1370 vigebat
1894 1273 2169 1346 auditor
2234 1273 2549 1347 Panaetii
2611 1276 2805 1348 illius
2870 1274 2977 1348 tui

615 1392 679 1436 46
730 1382 1190 1456 Mnesarchus
1212 1443 1231 1470 ‚
1259 1393 1328 1456 et
1353 1383 1797 1481 Peripatetici
1824 1382 2110 1455 Critolai
2135 1383 2519 1457 Diodorus:
2548 1385 2755 1457 multi
2782 1394 2976 1457 erant

731 1503 1085 1588 praeterea
1108 1494 1277 1566 clari
1301 1494 1374 1565 in
1401 1493 1844 1589 philosophia
1869 1502 1938 1564 et
1964 1492 2235 1566 nobiles
2251 1552 2269 1580 ,
2295 1519 2337 1565 a
2362 1494 2621 1590 quibus
2645 1495 2976 1569 omnibus

731 1628 873 1675 una
929 1627 1153 1700 paene
1209 1628 1375 1675 voce
1430 1603 1677 1698 repelli
1724 1611 2068 1674 oratorem
2116 1628 2156 1674 a
2203 1603 2697 1698 gubernaculis
2745 1606 2982 1677 civita-

732 1722 886 1785 tum
908 1773 927 1798 ,
1013 1712 1291 1784 excludi
1370 1711 1459 1784 ab
1542 1712 1736 1784 omni
1808 1712 2121 1784 doctrina
2191 1737 2563 1810 rerumque
2635 1715 2985 1787 maiorum

733 1822 1024 1895 scientia
1045 1882 1064 1909 ‚
1139 1848 1217 1894 ac
1288 1829 1565 1894 tantum
1639 1823 1713 1894 in
1786 1823 2043 1895 iudicia
2102 1831 2170 1894 et
2226 1825 2712 1896 contiunculas
2734 1885 2753 1912 ‚
2803 1834 2989 1897 tam-

732 1957 945 2027 quam
1000 1933 1075 2004 in
1134 1932 1422 2029 aliquod
1468 1933 1846 2029 pistrinum
1866 1992 1885 2018 ,
1938 1931 2220 2004 detrudi
2269 1941 2338 2005 et
2386 1935 2745 2031 compingi
2792 1934 2989 2007 vide-

618 2054 682 2103 47
731 2042 918 2115 bam.
1038 2042 1178 2114 Sed
1236 2066 1368 2138 ego
1425 2067 1656 2139 neque
1714 2043 1854 2114 illis
1912 2042 2383 2129 assentiebar,
2444 2067 2676 2140 neque
2733 2043 2989 2116 harum

735 2152 1293 2248 disputationum
1339 2153 1688 2225 inventori
1736 2161 1803 2224 et
1849 2152 2193 2248 principi,
2252 2147 2493 2249 [longe
2541 2154 2862 2226 omnium
2911 2155 2989 2225 in

735 2262 1033 2334 dicendo
1091 2263 1500 2359 gravissimo
1558 2271 1626 2334 et
1684 2262 2257 2357 eloquentissimo
2280 2258 2333 2357 ,]
2399 2262 2716 2350 Platoni3
2785 2264 2991 2336 cuius

737 2380 891 2445 tum
949 2372 1250 2445 Athenis
1303 2399 1464 2447 cum
1515 2371 1910 2445 Charmada
1957 2371 2371 2466 diligentius
2415 2373 2558 2468 legi
2608 2374 2989 2469 Gorgiam:

740 2507 881 2577 quo
926 2483 1002 2554 in
1052 2483 1232 2556 libro
1279 2485 1354 2555 in
1403 2482 1536 2555 hoc
1583 2483 1887 2555 maxime
1935 2481 2330 2554 admirabar
2354 2482 2716 2555 Platonem
2739 2543 2758 2569 ‚
2799 2483 2996 2579 quod

681 2666 701 2680 .
742 2593 915 2664 mihi
975 2594 1047 2665 in
1107 2593 1497 2666 oratoribus
1554 2592 1930 2665 irridendis
1986 2593 2140 2689 ipse
2198 2616 2349 2664 esse
2396 2602 2624 2665 orator
2671 2618 2995 2666 summus

744 2859 863 2894 nere
890 2847 1124 2907 loquens,
1155 2848 1402 2908 quaestor,
1429 2847 1608 2907 inquit,
1635 2848 1688 2892 iu
1703 2846 1823 2892 Asia

745 2940 892 2986 quum
917 2940 1068 2972 essem
1086 2961 1099 2983 ,
1125 2954 1195 2961 —
1221 2927 1273 2971 et
1292 2925 1408 2972 inde
1420 2927 1656 2973 decedens
1668 2924 1820 2970 Athe-

745 3018 906 3052 ma—.
959 3008 1096 3053 Haec
1135 3005 1203 3052 ita
1230 3004 1481 3052 conciliari
1508 3018 1653 3065 posse
1681 3008 1823 3065 putat

747 3084 952 3146 Pighius
1006 3085 1148 3131 Tom.
1191 3083 1289 3131 ΙΙΙ.
1331 3098 1383 3144 p.
1431 3083 1554 3140 119,
1599 3088 1654 3130 ut
1692 3082 1825 3129 dicat

746 3162 967 3210 terrestri
1006 3162 1182 3211 itinere
1223 3162 1452 3210 Crassum
1481 3176 1543 3209 ex
1564 3162 1682 3210 Asia
1708 3161 1822 3208 red-

748 3241 860 3288 iisse
878 3276 892 3297 ,
934 3241 1077 3289 sicuti
1118 3241 1358 3299 Quintum
1397 3240 1602 3288 fratrem
1644 3238 1826 3287 scribat

755 3321 930 3368 Cicero
963 3320 1028 3366 ad
1055 3322 1157 3369 Att.
1189 3321 1286 3368 III.
1319 3322 1348 3366 8
1376 3320 1510 3376 init„
1538 3319 1825 3379 tardiusque

753 3406 1017 3460 propterea
1042 3399 1250 3446 Romam
1276 3399 1470 3472 venisse
1487 3399 1718 3446 Crassum
1735 3433 1748 3454 ‚
1779 3402 1828 3444 et

751 3477 1057 3526 tribunatum
1096 3479 1292 3540 integro
1331 3478 1532 3524 demum
1558 3491 1691 3523 anno
1718 3481 1830 3537 post

753 3556 978 3605 obtinere
991 3557 1225 3618 potuisse.
1254 3556 1354 3604 Sed
1365 3556 1598 3617 primum,
1614 3555 1678 3602 de
1692 3568 1832 3601 more

756 3643 862 3685 erat
902 3643 956 3685 ut
996 3651 1058 3685 ex
1098 3636 1213 3684 Asia
1253 3635 1473 3683 Athenas
1507 3635 1801 3696 navigarent
1817 3668 1830 3686 ,

755 3715 897 3763 sicuti
937 3713 1056 3762 fecit
1095 3715 1201 3761 sine
1241 3711 1394 3761 dubio
1434 3714 1540 3761 Ser.
1584 3712 1833 3773 Sulpicius

758 3794 849 3856 (ad
876 3794 990 3841 Div.
1023 3794 1110 3840 IV.
1142 3792 1223 3857 5):
1265 3799 1403 3849 tum,
1434 3792 1703 3838 dicendum
1728 3794 1834 3837 erat

750 3887 850 3932 per
889 3872 1226 3919 Macedoniam
1266 3885 1367 3917 non
1407 3886 1472 3917 ea·
1506 3868 1698 3916 Maced.
1717 3905 1730 3926 ,
1768 3869 1833 3916 si-

761 3952 964 4013 quidem
996 3951 1049 3997 in
1081 3950 1178 3998 illis
1205 3947 1536 3997 locutionibus
1564 3950 1743 4009 Praep.
1772 3960 1837 3994 ex

762 4046 876 4079 cum
917 4030 1199 4091 provinciae
1238 4028 1439 4076 nomine
1478 4026 1715 4089 coniungi
1754 4041 1834 4075 so·

762 4113 833 4158 let
850 4145 863 4167 ‚
906 4109 1071 4157 addita
1101 4109 1186 4157 vel
1229 4108 1353 4171 gesti
1380 4106 1695 4169 magistratus
1711 4141 1725 4162 ,
1752 4106 1837 4153 vel

762 4188 1003 4251 triumphi
1028 4187 1384 4249 appellatione:
1416 4184 1550 4233 conf.
1581 4184 1743 4232 Beier.
1773 4183 1837 4233 ad

766 4271 1010 4332 Fragmm.
1042 4268 1201 4316 Oratt.
1229 4281 1281 4326 p.
1311 4265 1435 4322 203,
1465 4262 1596 4312 Bibl.
1625 4264 1746 4312 Crit.
1771 4264 1836 4311 N.

769 4351 866 4398 111.
907 4364 959 4411 p.
1003 4349 1101 4394 222
1143 4352 1193 4393 et
1220 4343 1435 4392 Scholic.
1465 4345 1716 4403 Hypomn.
1748 4343 1835 4389 IV.

768 4447 818 4491 p.
831 4430 945 4476 203.
962 4426 1241 4475 Dicendum
1254 4423 1404 4486 igitur
1416 4421 1683 4469 memoriae
1696 4421 1840 4482 lapsu

769 4510 1059 4557 Ciceronem
1098 4519 1163 4552 ex
1197 4500 1485 4549 Macedonia
1509 4515 1601 4561 pro
1629 4514 1694 4546 ea·
1720 4499 1841 4546 Asia

767 4587 1016 4649 scripsisse
1032 4620 1045 4642 ,
1073 4597 1168 4631 nec
1179 4582 1284 4630 vidi
1296 4581 1554 4641 hucusque
1568 4579 1839 4640 quidquam

1921 2847 2126 2893 allatum
2144 2882 2156 2903 ,
2173 2846 2308 2906 quod
2334 2860 2415 2893 me
2442 2860 2627 2909 negare
2643 2852 2846 2909 cogeret
2860 2847 2999 2908 quod

1921 2927 2254 2973 affirmassem.

1993 3005 2178 3064 [ipsam
2229 3003 2395 3064 illam]
2459 3002 2775 3052 Carneadem.
2860 3006 2998 3051 Neu-

1921 3087 2054 3129 trum
2080 3096 2356 3143 pronomen
2384 3081 2437 3129 in
2461 3082 2555 3129 hac
2571 3083 2841 3131 Carneadis
2856 3097 2999 3129 men-

1920 3162 2056 3209 tione
2090 3160 2293 3209 defendi
2316 3174 2462 3221 posse
2489 3161 2756 3209 contendo.
2791 3161 3003 3208 Minime

1922 3240 2052 3288 inter
2092 3254 2145 3287 se
2185 3240 2468 3300 conspirare
2508 3238 2661 3287 libros
2694 3239 3004 3303 intelligetur

1926 3334 1953 3367 e
1992 3335 2044 3366 v.
2084 3318 2122 3364 l.
2204 3316 2320 3377 Ipse
2372 3319 2614 3379 appellari
2664 3333 2767 3365 non
2807 3324 3005 3379 poterat

1929 3398 2209 3445 Carneades
2226 3432 2240 3453 ‚
2270 3411 2423 3456 quum
2449 3411 2597 3444 nemo
2625 3397 2669 3444 ei
2693 3403 3001 3458 opponatur:

1927 3476 2014 3522 ille
2051 3489 2154 3523 non
2192 3475 2286 3522 nisi
2325 3475 2397 3531 is,
2441 3475 2504 3522 de
2545 3475 2683 3523 cuius
2716 3476 2851 3523 fama
2876 3476 3004 3524 inter

1929 3569 2030 3612 eos,
2059 3555 2144 3615 qui
2159 3554 2382 3611 aderant,
2412 3559 2676 3601 constaret.
2706 3554 2867 3617 Igitur
2882 3554 3006 3601 nihil

1931 3634 1994 3681 ad
2057 3632 2428 3681 defendendum
2487 3633 2724 3680 adiuvant
2776 3633 3005 3680 innume·

1928 3710 2111 3759 rabiles
2137 3712 2234 3759 loci
2253 3746 2266 3769 ,
2294 3711 2346 3758 in
2373 3710 2551 3771 quibus
2570 3713 2676 3771 ipae
2689 3712 2776 3758 ille
2787 3712 3005 3774 iungun-

1929 3796 2013 3838 tur
2027 3826 2040 3849 ,
2081 3805 2134 3837 v.
2176 3803 2221 3837 c.
2263 3790 2397 3851 apud
2434 3789 2739 3838 Ellendtium
2779 3791 2977 3839 excitati
2994 3824 3007 3847 ,

1930 3868 2061 3916 infra
2102 3868 2167 3916 ad
2208 3872 2233 3926 5
2278 3870 2372 3925 66,
2429 3874 2479 3915 et
2516 3869 2652 3930 apud
2699 3870 3008 3933 Madvigium

1934 3947 2132 3996 collecti
2158 3948 2343 4009 Opusc.
2375 3948 2530 3995 Acad.
2561 3948 2602 3994 1.
2633 3963 2684 4008 p.
2718 3949 2840 4004 131,
2871 3954 2920 3996 et
2949 3948 3011 3996 ad

1933 4027 2040 4075 Pin.
2096 4041 2147 4087 p.
2204 4028 2286 4074 26.
2369 4025 2714 4073 Excluduntur
2754 4033 3011 4087 praeterea

1934 4106 2052 4154 hinc
2077 4104 2163 4152 illa
2190 4104 2517 4162 Pronomina,
2547 4105 2681 4165 quod
2708 4105 2874 4153 statim
2890 4106 3010 4154 Car-

1936 4184 2108 4233 neadis
2167 4184 2340 4231 laudes
2400 4184 2581 4232 diserte
2642 4184 3011 4244 praedicantur.

1937 4264 2069 4313 Hinc
2108 4262 2299 4310 correxi
2339 4262 2391 4309 in
2427 4263 2565 4311 Orat.
2596 4266 2621 4320 ξ
2655 4264 2767 4310 171.
2839 4265 3013 4312 Statim

1935 4347 2048 4403 post
2085 4346 2221 4389 recte
2257 4342 2502 4401 Kayserus
2536 4342 2751 4388 servavit
2776 4342 3016 4390 hominem

1938 4419 2177 4485 (Vindob.
2208 4419 2490 4479 nontinem),
2529 4435 2648 4480 prae
2676 4423 2835 4468 altero
2862 4421 3015 4468 homi-

1937 4515 2053 4547 num
2072 4520 2087 4546 .·
2120 4499 2252 4546 conf.
2280 4498 2410 4545 infra
2439 4503 2464 4557 ξ
2496 4502 2578 4556 58,
2612 4500 2724 4556 105,
2758 4501 2871 4557 163,
2902 4503 3016 4559 180,

1942 4580 2033 4626 191
2064 4584 2115 4626 et
2139 4578 2338 4639 passim.
