3242 5500
351 517 419 587 152
674 537 787 585 urana
813 537 1015 586 sncouoos.
1044 521 1061 601 S
1089 519 1146 589 78.

347 707 478 779 versia:
517 709 759 803 quaestionem
790 715 930 794 autem,
968 733 1042 780 rem
1073 709 1224 806 positam
1260 709 1298 780 in
1336 707 1477 778 infinita

349 815 587 889 dubitatione:
626 818 671 890 de
707 843 812 891 causa
846 828 1033 915 praecepta
1056 819 1162 904 dant;
1189 818 1234 889 de
1254 817 1361 888 altera
1378 825 1479 913 parte

291 956 324 1006 ro
348 925 491 1000 dicendi
512 928 641 1000 mirum
665 929 845 1000 silentium
870 935 935 1000 est.
991 928 1133 1000 Deinde
1157 928 1315 1024 quinque
1344 926 1480 997 faciunt
1528 991 1530 994 .

349 1036 452 1132 quasi
473 1036 630 1110 membra
641 1038 878 1134 eloquentiae,
899 1038 1076 1124 invenire,
1098 1037 1186 1133 quid
1197 1037 1311 1122 dicas,
1336 1035 1480 1106 inventa

350 1147 556 1242 disponere,
581 1146 728 1232 deinde,
753 1170 877 1218 ornare
899 1145 1035 1233 verbis,
1061 1157 1154 1244 post,
1179 1146 1368 1218 memoriae
1381 1167 1479 1216 man-

352 1255 454 1342 dare,
491 1263 569 1328 tum
604 1256 651 1328 ad
686 1264 903 1341 extremum,
936 1281 1040 1352 agere
1064 1281 1104 1329 ac
1127 1256 1376 1353 pronuntiare:
1405 1277 1480 1324 rem

353 1389 437 1438 sane
468 1389 541 1436 uon
563 1366 792 1438 reconditam.
846 1365 938 1441 Quis
963 1365 1059 1438 enim
1083 1365 1149 1438 hoc
1174 1389 1244 1436 non
1271 1389 1335 1436 sua
1358 1371 1482 1458 sponte

353 1473 498 1560 viderit,
535 1474 714 1547 neminem
745 1499 849 1571 posse
881 1474 1016 1561 dicere,
1042 1475 1133 1560 nisi,
1158 1481 1192 1546 et
1217 1473 1305 1570 quid
1328 1473 1481 1556 diceret,

353 1592 390 1656 et
413 1581 545 1679 quibus
568 1582 704 1670 verbis,
729 1592 765 1656 et
788 1607 860 1679 quo
884 1583 1008 1656 ordine
1032 1583 1181 1669 diceret,
1207 1581 1370 1669 haberet,
1392 1588 1426 1652 et
1441 1605 1484 1652 ea

354 1692 597 1765 meminisset?
622 1692 742 1789 Atque
766 1693 851 1765 haec
876 1717 942 1790 ego
966 1717 1037 1765 non
1062 1692 1300 1789 reprehendo,
1327 1691 1484 1763 sedante

354 1802 475 1876 oculos
497 1802 612 1897 posita
636 1826 712 1874 esse
736 1801 833 1874 dico:
859 1810 900 1875 ut
924 1827 981 1874 eas
1006 1803 1090 1875 item
1114 1809 1280 1898 quatuor,
1306 1801 1483 1896 quinque,

357 1937 459 1985 sexve
483 1921 619 2007 partes,
644 1912 699 1983 vel
723 1911 834 1983 etiam
852 1920 987 2007 septem
1016 1912 1198 2007 (quoniam
1223 1911 1324 1983 aliter
1343 1909 1387 1982 ab
1405 1908 1485 1980 aliis

357 2021 600 2116 digeruntur),
625 2021 662 2092 in
689 2045 776 2117 quas
800 2029 855 2093 est
878 2020 923 2092 ab
947 2021 1002 2093 his
1025 2021 1140 2093 omnis
1157 2021 1268 2092 oratio
1281 2017 1483 2091 distributa.

302 2155 333 2200 eo
358 2131 488 2203 Iubent
520 2131 616 2202 enim
648 2130 800 2201 exordiri
833 2130 902 2216 ita,
930 2138 969 2202 ut
997 2154 1098 2216 eum,
1124 2131 1186 2226 qui
1210 2129 1352 2214 audiat,
1377 2127 1484 2200 bene·

358 2241 478 2313 volum
501 2239 604 2312 nobis
628 2240 813 2325 iaciamus,
836 2249 871 2311 et
884 2239 1050 2329 docilem,
1071 2246 1105 2311 et
1116 2247 1312 2311 attentum:
1339 2236 1485 2320 deinde,

358 2375 432 2422 rem
457 2374 596 2422 narrare
620 2350 690 2435 ita,
724 2357 765 2420 ut
788 2349 988 2422 verisimilis
1013 2349 1164 2421 narratio
1189 2349 1256 2434 sit,
1281 2355 1322 2419 ut
1345 2353 1486 2442 aperta,

359 2469 400 2532 ut
423 2458 556 2531 brevis:
582 2466 661 2554 post
684 2466 819 2543 autem,
845 2457 1001 2571 diuidere
1025 2482 1182 2544 causam,
1205 2464 1265 2529 aut
1275 2478 1487 2553 proponere,

361 2577 481 2642 nostra
504 2569 709 2641 confirmare
728 2569 947 2663 argumentis
966 2592 1005 2640 ac
1017 2566 1230 2653 rationibus,
1251 2566 1391 2651 deinde,
1404 2588 1488 2636 con·

362 2679 468 2753 traria
491 2678 663 2751 refutare:
696 2684 774 2749 tum
797 2685 914 2750 autem
938 2677 999 2750 alii
1022 2677 1283 2749 conclusionem
1303 2674 1489 2759 orationis,

364 2799 399 2861 et
425 2782 559 2885 [quasi]
585 2787 840 2884 perorationem
853 2787 1044 2873 collocant,
1062 2787 1122 2858 alii
1134 2785 1258 2858 iubent
1270 2794 1368 2871 ante,
1382 2808 1491 2881 quam

364 2907 564 2995 permotui,
589 2895 738 2967 ornandi
762 2904 824 2968 aut
848 2896 1003 2991 augendi
1027 2920 1131 2968 causa
1155 2894 1314 2990 digredi,
1340 2893 1490 2979 deinde,

310 3037 339 3081 ar
365 3006 572 3081 concludere
604 3030 645 3077 ac
668 3030 839 3101 perorare.
897 3006 931 3076 N
934 3030 953 3075 e
978 3004 1063 3077 hacc
1088 3004 1233 3101 quidem
1255 3003 1491 3101 reprehendo:

368 3125 451 3191 sunt
487 3115 582 3187 enim
617 3115 787 3187 concinno
820 3113 1024 3191 distributa:
1061 3114 1124 3187 sed
1158 3122 1277 3185 tamen
1314 3114 1365 3200 (id
1397 3111 1494 3213 quod

368 3327 650 3335 -———————

404 3466 443 3513 80.
461 3465 569 3511 dividere.
582 3477 688 3511 caeram.
708 3466 727 3512 Ι,
743 3480 766 3513 e.
774 3463 908 3527 diligenter
956 3464 1100 3512 orationem.
1125 3464 1223 3520 Nescio,
1238 3478 1283 3511 cur
1296 3462 1359 3511 illud
1373 3465 1446 3526 quasi
1459 3465 1495 3512 in-

370 3544 474 3593 definite
494 3543 536 3601 id,
557 3543 583 3590 iu
604 3558 653 3603 quo
674 3557 748 3591 causa
768 3534 849 3606 posita
863 3548 907 3591 est.
956 3548 1114 3604 tei-ponatur,
1127 3548 1253 3603 tamquam
1267 3542 1286 3589 si
1300 3542 1360 3601 quid
1370 3549 1497 3591 novumet

371 3624 410 3671 Ita
423 3622 512 3671 Graeci
523 3620 636 3670 rhetores
643 3620 726 3669 Verbo
733 3619 826 3686 διαιρεῖν
833 3626 907 3670 utun·
956 3622 1103 3669 uanslatum
1116 3621 1250 3669 diceretur:
1264 3620 1339 3682 igitur
1352 3621 1434 3669 statim
1441 3629 1498 3683 post

370 3706 420 3750 tur.
455 3700 496 3748 Sic
508 3700 590 3757 inira,
612 3701 702 3757 5331,
723 3702 863 3761 postulatur
880 3700 910 3748 at
958 3700 1101 3747 concludere
1129 3704 1154 3747 et
1175 3712 1310 3759 perorare:
1339 3698 1406 3747 coni.
1426 3700 1497 3749 Orat.

372 3794 445 3827 casua
460 3780 580 3837 ponatur.
615 3780 648 3826 nt
664 3777 784 3827 credibile
801 3784 839 3827 nt
851 3778 909 3835 illa,
959 3783 971 3836 §
992 3779 1047 3825 122.

373 3858 417 3904 aot
426 3870 577 3917 proponere,
593 3856 732 3918 explicandi
744 3856 911 3905 oausaabalio
992 3855 1165 3903 wreeroanda.
1198 3856 1307 3913 Iterum,
1322 3860 1350 3903 ut
1362 3856 1434 3904 toties
1446 3856 1499 3904 aliis

373 3935 457 3983 addita
471 3949 533 3983 esse.
959 3935 1034 3991 locis,
1056 3934 1219 3995 compositum
1236 3940 1362 3995 arreptum
1380 3948 1426 3997 pro
1439 3935 1499 3984 sim·

408 4014 449 4061 81.
466 4027 497 4059 ae
510 4012 569 4061 llaec
582 4012 680 4074 quidem
692 4038 734 4059 -.
752 4014 858 4063 Distinxi
867 4014 912 4062 ali·
959 4013 1027 4075 plici.
1042 4013 1205 4075 Legendum,
1219 4012 1347 4060 ewrardo.

374 4096 467 4153 quanto
478 4091 575 4139 melius.
593 4093 657 4139 Nam
671 4091 730 4139 liaeo
743 4092 914 4153 adsequentur
995 4094 1035 4139 82.
1055 4092 1207 4153 [recitandis
1225 4091 1348 4138 meatibus
1366 4090 1499 4155 tadicum}

373 4170 546 4218 referendum:
569 4184 694 4230 quumque
714 4172 861 4219 sententiam
874 4170 914 4218 in·
961 4171 1085 4231 Kayserus
1104 4170 1167 4217 haec
1187 4170 1240 4218 iure
1260 4169 1321 4217 mihi
1340 4170 1439 4218 videtur
1453 4185 1500 4219 nn-

373 4253 555 4310 irrumperet,
591 4248 741 4309 interpositis
771 4249 825 4307 his,
855 4250 915 4297 earet
962 4249 1022 4297 cinis
1035 4247 1178 4305 inclusisse,
1194 4248 1317 4308 quodilla
1330 4249 1502 4297 imitatioalio
1604 4284 1605 4293 ,

375 4330 439 4375 enim
452 4356 486 4361 —
499 4341 547 4374 non
555 4328 653 4387 perite,
667 4328 724 4375 satis
738 4328 914 4390 cognitomore
962 4327 1069 4388 pertinet
1087 4327 1183 4387 potius,
1205 4340 1277 4386 quam
1293 4331 1321 4373 ut
1334 4328 1448 4374 attentas
1461 4330 1502 4375 fiat

374 4406 508 4462 instaurat,
530 4420 575 4466 per
589 4405 680 4453 Partis.
693 4396 837 4463 eaimssic,
854 4420 915 4467 quae
962 4406 1043 4454 iudex.
1057 4404 1501 4468 Praeterea,animmiuciiarefflrat.

374 4485 439 4531 enim
447 4484 584 4544 praecepta
597 4510 638 4530 -.
964 4488 976 4541 §
992 4483 1036 4543 63)
1055 4488 1122 4531 recte
1143 4483 1244 4541 dicitur,
1260 4488 1362 4544 propter
1377 4485 1501 4547 cognitam

408 4563 584 4614 conclusionem
591 4563 741 4610 oratiordset
752 4563 847 4625 [quasi]
855 4576 912 4623 per·
963 4562 1014 4611 eius
1029 4560 1178 4610 Substantivi
1192 4561 1258 4619 vim;
1276 4562 1320 4609 sed
1333 4564 1429 4611 ruentes
1441 4564 1502 4611 inci-
