3242 5500
387 534 456 604 166
701 551 813 602 urana
839 549 1042 602 sueonous.
1073 531 1090 612 §
1118 529 1199 599 108.

314 748 360 794 roa
385 725 506 821 Atque
540 723 577 795 in
611 722 677 794 hoc
710 746 839 816 genere
873 747 1057 794 causarum
1082 720 1244 793 nonnulli
1267 719 1493 817 praecipiunt,
1542 810 1544 816 Α

386 844 427 906 ut
449 833 595 905 verbum
607 831 713 916 illud,
740 831 836 926 quod
848 855 989 904 causam
1001 831 1101 916 lacit,
1127 830 1279 903 dilucide
1292 829 1494 947 brevp'terque

389 936 570 1038 [uterque]
599 940 755 1013 definiat.
809 940 917 1016 Quod
938 939 1024 1012 mihi
1039 939 1182 1035 quidem
1196 963 1365 1044 perquam
1373 938 1496 1033 puerile

386 1050 498 1123 videri
520 1050 619 1122 solet,
651 1048 733 1122 Alia
757 1058 811 1122 est
835 1049 950 1135 enim,
977 1073 1088 1144 quum
1113 1048 1205 1120 inter
1218 1048 1339 1120 doctos
1352 1046 1495 1137 homines

296 1143 304 1158 ’
386 1161 431 1232 de
461 1160 506 1232 iis
526 1149 617 1255 ipsis
640 1158 766 1244 rebus,
793 1183 883 1253 quae
908 1165 1088 1230 versantur
1110 1157 1148 1228 in
1172 1156 1327 1243 artibus,
1354 1157 1495 1251 disputa·

385 1278 466 1355 tur,
492 1267 676 1340 verborum
702 1267 879 1353 definiti03
906 1276 967 1353 ut,
996 1291 1107 1361 quum
1130 1267 1328 1361 quaeritur,
1355 1266 1440 1362 quid
1460 1265 1495 1338 sit

384 1404 460 1464 ars,
491 1377 578 1475 quid
607 1378 652 1450 sit
680 1378 757 1463 lex,
785 1377 873 1472 quid
897 1377 942 1449 sit
964 1376 1102 1461 civitas;
1128 1379 1165 1447 in
1189 1375 1319 1470 quibus
1337 1374 1496 1469 hocprae

385 1487 470 1582 cipit
502 1487 591 1558 rotio
624 1494 731 1582 atque
763 1487 942 1572 doctrina,
969 1494 1009 1557 ut
1028 1485 1080 1557 vis
1103 1485 1179 1557 eius
1200 1485 1271 1571 rei,
1298 1509 1404 1580 quam
1426 1483 1495 1556 deli·
1589 1475 1591 1540 ἶ

386 1597 484 1682 nias,
511 1596 560 1668 sic
585 1596 821 1691 exprimatur,
848 1604 889 1667 ut
911 1618 1026 1690 neque
1047 1593 1140 1666 absit
1161 1594 1373 1691 quidquam,
1398 1615 1496 1688 neque

316 1737 361 1784 loo
387 1706 550 1801 supersit.
600 1705 707 1781 Quod
742 1704 886 1800 quidem
919 1704 955 1775 in
988 1703 1048 1776 ille
1070 1728 1173 1776 causa
1197 1727 1313 1799 neque
1338 1702 1497 1798 Sulpicius
1589 1771 1591 1778 ,

387 1815 490 1900 lecit,
516 1838 632 1910 oeque
656 1837 722 1909 ego
747 1813 860 1886 lacere
885 1820 1032 1886 conatus
1057 1837 1147 1884 sum.
1200 1814 1315 1899 Nam,
1341 1821 1496 1908 quantun

387 1933 535 2018 uterque
563 1930 723 1994 nostrum
752 1923 889 2018 potuit,
926 1921 1023 1993 omni
1050 1923 1150 2016 copia
1174 1921 1314 1994 dicendi
1334 1920 1495 2012 dilatavit,

388 2033 475 2130 quid
503 2040 595 2105 esset
622 2031 841 2104 maiestatem
869 2031 1040 2103 minuere.
1093 2031 1237 2103 Etenim
1260 2031 1415 2104 definitio
1437 2029 1495 2126 pri·

388 2167 508 2227 mum,
543 2140 754 2237 reprehenso
789 2139 897 2211 verbo
916 2164 1008 2226 uno,
1035 2147 1096 2213 aut
1121 2140 1263 2228 addito,
1288 2149 1350 2212 aut
1374 2141 1494 2223 demto,

388 2276 491 2348 saepe
517 2257 745 2344 extorquetur
767 2273 787 2321 e
809 2248 994 2321 manibus:
1023 2249 1167 2336 deinde,
1194 2273 1323 2344 genere
1345 2248 1495 2345 ipscdoc·

388 2361 518 2432 trinam
539 2358 673 2431 redolet
698 2359 1053 2454 exercitationemque
1076 2383 1189 2454 paene
1200 2359 1391 2455 puerilem:
1415 2366 1494 2442 tum,

388 2470 426 2541 in
462 2492 605 2541 sensum
639 2475 675 2540 et
711 2467 749 2538 in
776 2475 932 2540 mentem
964 2467 1092 2540 iudicis
1127 2468 1259 2540 intrare
1281 2493 1354 2542 non
1378 2475 1479 2565 potest
1486 2497 1493 2550 ;

388 2586 471 2650 ante
495 2577 590 2648 enim
615 2575 904 2672 praeterlabitur,
931 2600 1038 2671 quam
1063 2585 1227 2674 percepta
1249 2585 1314 2648 est.

315 2706 361 2777 25
438 2686 507 2760 Sed
531 2685 568 2758 in
593 2710 634 2757 eo
656 2710 806 2783 genere,
833 2685 870 2758 in
896 2711 986 2783 quc,
1014 2687 1117 2783 quale
1140 2689 1185 2759 sit
1201 2682 1343 2784 [quid],
1368 2683 1494 2780 ambigi·
1589 2786 1590 2789 Ἴ

317 2833 365 2880 110
387 2805 466 2884 tur,
493 2796 631 2869 exsistit
653 2795 760 2868 etiam
783 2820 826 2867 ex
852 2797 973 2892 scripti
996 2796 1284 2892 interpretatione
1307 2822 1408 2893 saepe
1428 2818 1492 2867 con·

390 2906 521 2994 tenti03
560 2906 598 2977 in
634 2930 705 3001 quo
737 2905 836 2977 nulla
873 2914 989 3001 potest
1025 2930 1121 2991 esse,
1157 2906 1226 2977 nisi
1259 2914 1314 2977 ex‘
1327 2905 1492 3000 ambiguo,

388 3014 631 3088 controversia.
671 3015 764 3086 Nam
786 3014 877 3087 illud
902 3015 1040 3110 ipsum,
1068 3039 1178 3109 quum
1202 3016 1373 3111 scriptum
1394 3040 1414 3086 a
1432 3035 1493 3085 sen·

389 3123 500 3194 tentia
524 3122 718 3219 discrepat,
743 3147 859 3219 genus
884 3124 1063 3220 quoddam
1087 3122 1194 3197 habet
1216 3124 1393 3221 ambigui,
1418 3120 1495 3219 quod

388 3239 466 3304 tum
488 3232 702 3327 explicatur,
729 3256 840 3327 quum
862 3257 903 3304 ea
919 3232 1024 3311 verba
1054 3228 1179 3336 [quae
1197 3230 1359 3330 desunt‚l
1388 3254 1495 3329 sugge

425 3529 481 3598 rto.
497 3546 528 3594 ut
541 3544 639 3595 mcum
652 3546 879 3610 irrue-afluat.
898 3549 929 3597 ln
1014 3550 1070 3598 no.
1088 3550 1115 3597 a
1128 3563 1183 3611 quo,
1198 3550 1270 3611 quale
1281 3549 1317 3596 ct
1330 3548 1422 3611 [qum.
1435 3544 1495 3594 aaa

389 3624 428 3673 his
441 3628 509 3673 recte
522 3638 590 3672 nunc
603 3629 745 3687 susceptum
759 3630 797 3674 cst
807 3625 928 3687 dilucide,
976 3628 1055 3693 pilon.
1094 3627 1249 3679 Eiiciendum
1267 3627 1332 3675 illud
1352 3627 1417 3694 quid.
1436 3621 1494 3675 Coos.

389 3717 436 3764 pro
455 3704 525 3765 vulg.
547 3700 636 3750 locide.
670 3704 720 3751 Sed
737 3705 863 3765 sequendo
877 3709 931 3753 erat
979 3706 1068 3764 5104,
1088 3707 1132 3753 fin.

390 3794 477 3828 corum
496 3777 617 3827 librorum
637 3782 785 3841 sueones,
799 3784 827 3830 in
841 3782 929 3843 quibus
1012 3798 1087 3849 qaam
1097 3784 1219 3844 emptum
1230 3784 1376 3832 esculentia
1382 3780 1494 3843 doeqd

389 3859 495 3919 uterque
506 3857 639 3906 omittitur:
654 3860 735 3921 agitur
746 3860 839 3923 quippe
846 3862 877 3909 de
885 3862 929 3910 de·
979 3864 1078 3911 Frustra
1092 3861 1222 3924 putabam,
1236 3861 1262 3909 in
1277 3862 1315 3910 his
1321 3862 1407 3911 vitium
1418 3861 1494 3908 inesse:

389 3934 522 3983 fendendis
543 3936 638 3994 causis,
656 3952 737 3998 neque
751 3952 783 3987 ex
795 3940 929 4000 proacadd.
978 3941 1044 3989 idern
1064 3941 1154 3989 dicitur
1174 3942 1244 3989 Orat.
1266 3945 1278 3998 §
1296 3942 1358 3999 121,
1372 3942 1393 3987 et
1405 3936 1497 3985 allodio

390 4013 472 4061 afferri
485 4017 567 4074 potest
572 4046 579 4070 ,
594 4029 643 4075 quo
655 4017 784 4078 utriusque
792 4018 930 4080 designatio
978 4021 1114 4077 sententia,
1129 4019 1200 4067 allud
1211 4020 1238 4065 in
1251 4021 1331 4067 verbis
1342 4033 1393 4067 esse
1403 4017 1496 4066 videtur:

391 4091 548 4140 defendetur.
562 4092 743 4155 Corrigendum
757 4100 807 4152 est,
823 4097 930 4145 dilucide
979 4098 1047 4150 cuius
1055 4098 1152 4161 generis
1159 4096 1302 4161 ambiguum
1309 4099 1497 4149 commemoratur

389 4171 691 4233 mamaeam.
706 4173 820 4231 sremox,
829 4176 928 4233 praees-
979 4176 1078 4225 caecin.
1100 4180 1112 4234 s
1136 4178 1180 4235 ar,
1202 4162 1262 4224 cns
1280 4177 1331 4225 sea
1351 4176 1422 4224 edere
1434 4168 1497 4221 maio

384 4250 428 4309 pil
444 4249 556 4296 ratio-
565 4250 774 4311 otcaprimalur:
790 4252 857 4299 conf.
867 4258 878 4311 §
888 4256 928 4302 83.
979 4269 1052 4317 quum
1064 4254 1198 4314 scriptum,
1213 4269 1227 4303 e
1240 4270 1266 4303 v.
1274 4256 1306 4312 l.‚
1321 4247 1499 4316 provulg.qucd

424 4328 481 4375 109.
500 4329 526 4375 in
546 4329 652 4376 mentem
666 4330 757 4377 iudicio
770 4331 869 4378 intrare
882 4346 930 4379 noa
976 4333 1106 4391 scriptum.
1122 4333 1261 4381 Relativnm
1274 4347 1325 4381 non
1333 4337 1370 4381 est
1377 4331 1443 4379 huius
1449 4326 1499 4383 loci,

384 4406 479 4463 potest.
498 4406 572 4464 Quod
585 4406 726 4455 Ellendtius
739 4408 876 4469 elegantius
883 4409 928 4457 ha·
977 4411 1021 4458 sed
1039 4411 1109 4459 Coni.
1124 4424 1198 4472 quum
1211 4417 1314 4460 utuntur
1327 4411 1353 4459 in
1364 4405 1496 4457 definiendo,

389 4481 477 4540 bcbst,
491 4489 642 4543 utmanare,
657 4499 703 4546 pro
716 4487 928 4551 intraralegere·
1013 4490 1087 4550 [quac
1100 4490 1212 4551 dement}
1247 4488 1385 4552 Improprie
1398 4484 1496 4539 mecin-

388 4564 443 4618 tur,
457 4560 517 4609 mihi
524 4562 550 4610 in
557 4562 643 4624 primis
649 4564 926 4634 impropriumuidetur.
977 4572 1041 4623 serta
1056 4582 1108 4617 esse
1122 4568 1181 4622 milri
1197 4569 1321 4623 videntur.
