3242 5500
451 611 566 658 traua
593 611 763 708 ruamus.
792 595 809 673 §
837 593 919 662 228.
1181 594 1252 664 373

124 775 266 869 quidem
289 779 393 853 istius
415 783 585 854 sermonis
608 783 814 879 participem
844 783 976 855 factum
999 808 1073 855 esse
1095 783 1247 878 gaudem

120 908 157 955 ac
189 888 316 959 vellem
349 899 386 962 ut
419 915 519 963 meus
551 916 676 986 gener,
711 892 840 964 sodalis
873 900 976 978 tuus,
1010 891 1245 979 Hortensius,

121 995 294 1069 affuisset:
329 1025 436 1094 quem
458 1000 601 1096 quidem
628 1025 693 1094 ego
718 1001 856 1073 confido
880 1001 1045 1073 omnibus
1070 1001 1147 1072 istis
1169 1001 1243 1072 lau·

121 1101 242 1190 dibus,
267 1132 353 1202 quas
375 1118 415 1182 tu
432 1110 588 1182 oratione
606 1111 809 1205 complexus
828 1135 882 1196 es,
910 1112 1136 1183 excellentem
1158 1111 1241 1183 lore.

120 1209 163 1283 Et
190 1213 358 1302 Crassus,
383 1218 471 1290 Fore
496 1218 609 1290 diois?
638 1218 774 1315 inquit:
801 1244 867 1314 ego
892 1244 971 1290 vero
997 1219 1072 1290 esse
1098 1219 1167 1291 iam
1189 1221 1242 1292 iu·
1270 1228 1316 1274 229

121 1319 217 1408 dico,
254 1334 289 1396 et
321 1335 397 1399 tum
430 1328 599 1414 iudicavi,
634 1353 766 1423 quum,
789 1353 846 1400 me
870 1329 1031 1413 consule,
1057 1329 1095 1399 in
1120 1337 1245 1401 senatu
1312 1379 1315 1386 -

120 1455 259 1503 causam
281 1434 439 1508 defendit
461 1437 619 1523 Africae,
645 1462 828 1533 nuperque
853 1439 958 1509 etiam
976 1438 1108 1533 magis,
1133 1463 1244 1533 quum

121 1565 182 1635 pro
220 1542 282 1614 Bit
267 1543 411 1638 thyniae
444 1570 527 1668 rege
560 1547 661 1619 dixit.
720 1546 960 1622 Quamobrem
996 1555 1090 1619 recte
1055 1546 1244 1632 uvidas,

122 1649 266 1723 Catule:
303 1653 393 1725 nihil
425 1656 519 1728 enim
556 1656 613 1727 isti
587 1656 861 1729 tadolescenti
897 1681 1012 1753 neque
1048 1681 1068 1727 a
1098 1665 1244 1741 natura,

121 1784 236 1855 neque
271 1786 291 1833 a
325 1763 434 1836 doct
392 1775 484 1836 trma
520 1766 641 1837 deesse
673 1773 749 1837 sent
750 1765 803 1851 io,
839 1789 909 1862 quo
940 1763 1052 1860 magis
1082 1773 1171 1837 estt
1119 1764 1244 1852 tubi,
1273 1777 1319 1826 2³⁰

122 1870 248 1955 Cott,a
279 1881 314 1944 et
299 1873 432 1960 stibi,
466 1858 617 1971 sulpici,
648 1825 868 1970 vigilandum
897 1870 951 1970 [ac
976 1869 1244 1969 laborandum]:

122 2003 191 2050 non
221 1980 317 2052 enim
345 1983 405 2053 ille
429 1984 614 2056 mediocris
638 1993 754 2057 orator
775 1992 850 2056 vest
852 2009 910 2056 rae
935 1985 1035 2079 quasi
1061 1983 1246 2056 succrescit

121 2088 248 2174 aetati,
284 2091 345 2161 sed
376 2101 410 2164 et
443 2093 586 2190 ingenio
619 2094 772 2189 peracri,
806 2101 840 2166 et
865 2094 980 2166 studio
1002 2093 1186 2189 flagranti,
1211 2100 1247 2164 et

121 2198 281 2270 doctrina
305 2200 452 2288 eximia,
478 2211 512 2274 ct
536 2203 703 2274 memoria
727 2203 916 2298 singulari:
951 2202 1008 2274 cui
1032 2226 1246 2297 quamquam

121 2308 239 2392 fave0‚
272 2317 404 2382 tamen.
421 2311 522 2384 illum
555 2317 659 2385 aetati
693 2337 775 2383 suae
804 2317 980 2407 praestare
1003 2313 1119 2408 cupio;
1147 2309 1246 2381 vobis

121 2441 202 2488 vero
241 2417 342 2489 illum
375 2429 475 2492 tanto
508 2423 680 2493 minorem
712 2445 935 2516 praecurrere
967 2421 1025 2492 vix
1057 2420 1247 2492 honestum

121 2536 187 2598 est.
243 2527 313 2598 Sed
336 2529 407 2600 iam
431 2555 635 2626 surgamus,
664 2530 803 2625 inquit,
838 2553 971 2627 nosque
995 2555 1179 2615 curemus,
1210 2537 1248 2601 et

120 2636 314 2731 aliquando
353 2637 397 2709 ab
442 2639 506 2712 hac
550 2642 778 2713 contentione
823 2640 1076 2736 disputationis
1112 2639 1247 2712 animos

121 2757 263 2818 nostros
287 2773 476 2845 curamque
500 2752 669 2823 laxemus.

122 3058 190 3091 nunc
204 3058 304 3104 quoque
317 3048 402 3103 tueor,
424 3045 568 3107 probatum,
583 3053 612 3095 ut
624 3047 661 3095 vi·
744 3046 827 3093 abhuc
834 3046 997 3102 contentione,
1010 3046 1026 3093 i.
1035 3060 1056 3093 e.
1065 3050 1121 3107 post
1129 3045 1193 3094 hanc
1201 3046 1251 3095 dis·

120 3123 182 3179 deo,
198 3122 318 3182 Kaysero.
711 3123 844 3187 putationis
852 3124 1048 3182 contentionem,
1063 3139 1140 3186 eaque
1153 3126 1251 3173 omissa.

155 3202 215 3249 230.
241 3202 390 3263 vipilcndum
418 3203 459 3263 [ac
481 3204 662 3264 laborandam}
712 3203 761 3251 Sed
775 3208 886 3250 extrema
899 3202 1022 3251 laborant.
1058 3205 1120 3251 Nam
1133 3202 1252 3251 credibile

123 3278 266 3340 lmproprie
280 3280 304 3325 in
319 3278 366 3326 hac
379 3282 501 3329 sententia
515 3283 615 3343 ponitur
627 3284 661 3330 la-
711 3296 763 3329 non
790 3285 828 3329 est
852 3286 908 3342 post
931 3281 989 3339 illa,
1015 3296 1104 3349 aesque
1125 3296 1252 3339 caremus,

121 3356 228 3405 beraudi
242 3356 357 3404 verbum:
373 3359 417 3405 sed
431 3373 462 3406 ne
476 3360 663 3422 elaborarequi-
711 3359 808 3406 illatum
833 3374 886 3407 esse
907 3374 982 3407 curae
1002 3359 1165 3417 vocabulum,
1187 3361 1254 3421 quod

122 3437 195 3492 dem,
211 3435 279 3496 quod
293 3436 347 3496 quis
360 3436 463 3485 fortasse
477 3438 664 3487 illiverbosub·
713 3443 739 3485 et
756 3437 868 3486 diversae
883 3444 920 3486 est
934 3438 1133 3500 significationis,
1149 3453 1210 3496 nee,
1226 3445 1254 3487 ut

123 3515 192 3564 stitui
207 3516 297 3571 vellet,
311 3520 379 3563 recte
394 3530 450 3563 cum
464 3518 580 3580 riprandi
589 3516 665 3566 verbo
713 3516 838 3564 coateatto
857 3517 1048 3577 disputationis,
1067 3517 1101 3565 ita
1116 3531 1176 3565 cura
1190 3518 1252 3578 disp.

123 3594 250 3656 iungitur,
265 3594 356 3654 quippe
373 3595 440 3655 quod
453 3610 503 3643 non
517 3595 666 3645 sineobieeti
714 3593 813 3655 probari
831 3600 920 3656 potest.
946 3596 1044 3643 Frustra
1058 3594 1194 3643 Lambinus
1207 3610 1254 3657 pro

125 3672 237 3732 quodam
250 3671 341 3719 indicio
355 3672 404 3720 dici
417 3674 487 3721 solet.
715 3688 757 3731 eo,
784 3674 851 3734 quod
865 3672 921 3721 libri
935 3672 1085 3729 afferebant,
1107 3687 1254 3735 curamque,

158 3752 259 3797 vestrae
283 3752 355 3812 quari
378 3754 513 3800 succrescit
533 3754 619 3801 aetati.
634 3780 667 3789 -
715 3751 862 3801 coniiciebat
875 3766 996 3813 curaque:
1015 3756 1096 3799 totum
1111 3756 1254 3813 corruptum

126 3827 247 3876 Abutitur
266 3830 346 3891 ligura
366 3829 451 3879 Livius
469 3832 667 3889 x.13.7.,ubi
716 3838 766 3889 est,
788 3825 971 3893 legendumque
993 3831 1085 3879 animoa
1105 3832 1202 3878 nostros
1215 3845 1256 3877 re·

125 3906 217 3954 Fabius
240 3908 362 3955 Maximus
382 3909 457 3966 dicit,
478 3924 505 3956 se
521 3911 666 3971 plausere
716 3913 903 3973 hamumque
918 3909 1053 3970 composito
1068 3908 1143 3958 utitur
1158 3924 1255 3971 quoque

125 3986 227 4032 ntorum
246 3987 408 4044 succreuisse,
429 3990 455 4035 et
475 3990 509 4035 ad
527 4002 596 4035 ruam
614 3990 668 4050 plo·
716 4002 805 4050 supra,
825 3989 845 4035 l.
861 3993 873 4046 §
889 3990 930 4036 29.

125 4063 191 4110 riam
201 4066 376 4127 conaurqeatea
384 4066 445 4113 alios
452 4068 543 4114 laetam
549 4068 666 4126 aspicere.
