3242 5500
376 523 447 590 214
687 545 800 592 arnan
827 544 1028 594 suesanus.
1057 527 1074 606 t
1101 524 1183 594 223.

376 722 446 800 ret,
471 741 505 789 se
527 717 601 789 sine
621 740 727 788 reuse
745 713 889 796 suaderem
914 715 1058 788 mirtime
1080 713 1227 800 ruitum,
1247 715 1383 810 inquit,
1401 718 1493 790 modo

375 825 468 898 euim
489 826 591 898 eristi
614 825 656 898 de
674 823 824 905 haimim
854 822 1125 896 innumerabilia
1151 824 1312 896 fuerunt:
1346 825 1408 896 sed
1430 848 1493 896 non

377 935 496 1006 minus
519 934 672 1007 iucunda
695 933 756 1006 illa
780 941 959 1030 perpetua.
1005 934 1128 1009 Quum
1154 934 1249 1006 enim
1266 934 1401 1006 Brutus
1414 934 1495 1006 duos

378 1044 522 1116 lectores
565 1043 771 1129 excitasset,
818 1050 852 1115 et
895 1043 995 1115 alteri
1029 1043 1073 1115 de
1108 1043 1243 1114 colonia
1280 1043 1496 1115 Narbonensi

380 1153 497 1226 Crassi
518 1153 710 1225 orationem
732 1152 919 1248 legendam
944 1152 1119 1238 dedisset,
1145 1153 1244 1224 alteri
1267 1153 1408 1247 delego
1426 1153 1495 1224 Ser·

378 1262 481 1348 vilia,
508 1269 544 1334 et
566 1286 677 1357 quum
699 1262 872 1334 contraria
893 1263 984 1334 inter
1005 1286 1081 1334 seso
1104 1262 1148 1333 de
1173 1286 1209 1333 re
1230 1261 1374 1357 publica
1391 1261 1496 1358 capita

378 1371 604 1458 contulisset,
636 1371 694 1443 hic
722 1378 842 1442 noster
870 1371 1081 1444 facetissime
1104 1379 1175 1444 tres
1198 1371 1306 1467 patris
1331 1371 1436 1442 Bruti
1458 1369 1496 1442 dc

231 1520 233 1523 ·
307 1496 355 1541 224
379 1482 455 1555 iure
478 1481 571 1554 civili
595 1479 733 1552 libellos
759 1478 873 1552 tribus
895 1480 1064 1576 legendos
1089 1479 1199 1552 dedit.
1250 1480 1305 1551 Ex
1322 1479 1414 1552 libro
1435 1480 1496 1576 pri·

381 1615 461 1676 mo,
512 1611 632 1661 roarn
681 1609 820 1659 uvaurn
868 1612 914 1660 ur
958 1611 997 1660 ru
1040 1611 1271 1660 rnrvnnuarr
1317 1611 1496 1672 assartum

382 1697 513 1785 Brute,
550 1696 756 1793 testificatur
779 1709 905 1793 puter,
941 1721 976 1772 se
1005 1696 1069 1771 titt
1087 1695 1331 1772 Priuernatem
1349 1693 1497 1794 fundum

381 1807 572 1904 reliquisse:
604 1807 751 1891 deinde,
781 1806 1204 1894 exlibrosecundo,1r
1233 1831 1385 1880 ansano
1416 1830 1496 1879 nna·

384 1941 459 1991 uus
497 1939 572 1989 neo
612 1939 657 1988 nr
692 1939 844 1992 mancus
881 1939 1024 2003 rrnrns3
1059 1915 1197 2012 sapiens
1226 1917 1382 1992 uidelicet
1411 1917 1498 1990 tomo

382 2051 460 2100 cum
486 2025 615 2120 primia
641 2038 778 2099 nostrae
808 2025 962 2100 civitatis
985 2039 1089 2102 uorat
1111 2026 1200 2100 laurac
1220 2027 1416 2126 perpiterm
1439 2049 1497 2098 me·

384 2135 519 2222 tuebat,
540 2160 600 2222 ue,
626 2161 733 2230 quum
755 2135 788 2208 is
810 2134 903 2208 uidit
922 2135 1076 2222 iuberet,
1103 2135 1194 2210 utttt
1214 2137 1331 2210 esseei
1351 2136 1497 2210 relictum

377 2257 587 2341 putaretur:
624 2253 700 2316 tum
735 2269 777 2316 en
808 2244 898 2317 libro
921 2246 1041 2332 tertio,
1067 2245 1104 2318 in
1122 2270 1191 2340 quo
1208 2247 1316 2318 finem
1335 2243 1497 2318 scribendi

385 2355 467 2428 fecit
502 2358 570 2441 (tot
591 2355 706 2440 enim,
733 2362 774 2426 ut
798 2354 917 2426 audivi
942 2355 1143 2427 Scaevolam
1167 2355 1302 2442 dicere,
1331 2364 1412 2428 sunt
1434 2352 1495 2425 veri

385 2463 489 2536 Bruti
523 2463 642 2549 libri),
680 2486 721 2534 ru
758 2485 914 2538 urucam
952 2485 1071 2536 roura
1108 2486 1318 2540 Asaanruus
1354 2487 1425 2537 nco
1456 2484 1494 2533 nr

387 2595 538 2647 mancus
573 2595 717 2658 rrulus;
751 2572 812 2646 ubi
844 2585 925 2646 suut
956 2572 986 2646 ii
1007 2567 1139 2668 fundi,
1176 2571 1308 2660 Brute,
1340 2597 1421 2670 quos
1443 2571 1497 2644 tibi

385 2695 487 2779 pater
513 2681 665 2778 publicis
695 2682 953 2757 commentariis
979 2681 1198 2781 coasipoatos
1219 2683 1387 2781 reliquit?
1411 2680 1499 2767 (aad

386 2793 458 2868 uisi
485 2792 647 2889 puberem
677 2805 729 2879 te,
754 2793 893 2890 inquit,
919 2792 1170 2879 iamdudum,
1197 2806 1362 2891 quartum
1386 2792 1497 2867 titum

386 2902 649 2997 composuisset,
685 2914 718 2975 et
748 2926 784 2976 se
806 2901 914 2977 etiam
937 2901 977 2975 ire
1001 2901 1131 2977 belmeis
1153 2904 1304 2977 locutum
1327 2928 1405 2977 cum
1425 2900 1497 2999 filio

319 3041 364 3086 ms
388 3012 558 3107 scriptum
578 3010 781 3108 reliquisset.
835 3012 927 3088 Quis
953 3020 1005 3085 est
1023 3012 1147 3107 igitur,
1174 3013 1325 3109 quinon
1343 3014 1495 3093 fateatur,

388 3121 454 3194 hoc
478 3121 595 3216 lepore
619 3130 725 3217 atque
747 3121 802 3193 his
825 3122 959 3195 facetiis
984 3146 1054 3193 non
1080 3122 1198 3194 minus
1223 3123 1413 3196 refutatum
1433 3143 1497 3193 esse

387 3231 560 3317 Brutum,
586 3231 786 3325 quam-illia
813 3231 1023 3327 tragoediis,
1049 3256 1136 3327 quas
1161 3233 1234 3327 egit
1259 3232 1375 3318 idem,
1401 3252 1495 3327 quum

387 3364 472 3413 casu
489 3341 527 3411 in
551 3340 673 3413 eadem
697 3364 801 3413 causa
825 3340 947 3413 funere
974 3340 1154 3413 efferretur
1176 3364 1264 3413 anus
1288 3342 1415 3414 lunia?
1438 3338 1495 3411 Pro

389 3450 440 3523 dii
473 3450 708 3536 immortales,
744 3474 834 3546 quae
866 3450 934 3521 fuit
964 3449 1043 3536 illa,
1077 3458 1206 3545 quanta
1228 3451 1299 3523 via!
1328 3475 1429 3547 quarn
1449 3448 1493 3519 in·

388 3560 607 3655 exspectata!
647 3583 753 3654 quam
793 3559 995 3655 repentina!
1036 3582 1166 3654 quum,
1192 3560 1359 3633 coniectis
1381 3557 1494 3639 oculis,

389 3676 493 3765 gestu
512 3668 609 3741 omni
632 3677 667 3740 et
687 3667 908 3753 imminenti,
935 3692 1072 3741 summa
1097 3668 1266 3763 gravitate
1284 3678 1319 3743 et
1337 3668 1494 3742 celeritate

389 3777 594 3863 verborum,
629 3774 757 3859 Brute,
793 3776 882 3871 quid
911 3776 1031 3849 sedes?
1055 3776 1143 3872 quid
1162 3776 1262 3850 illem
1283 3803 1391 3853 auum
1407 3770 1494 3873 patri

390 3888 553 3959 muntiare
584 3884 637 3958 ris
667 3885 753 3958 tuo?
776 3885 863 3981 quid
884 3885 956 3959 illis
979 3884 1151 3969 omuibus,
1176 3910 1323 3982 pirorum
1344 3884 1494 3983 irrepims

425 4181 482 4226 224.
500 4179 527 4227 iu
539 4180 632 4226 balneis
646 4180 762 4228 locutum.
779 4181 925 4229 Benetuen·
1010 4183 1068 4231 225.
1089 4181 1163 4243 [quid
1173 4183 1307 4230 maioribus
1317 4182 1407 4243 tuisf]¹
1422 4181 1495 4229 launo

391 4263 431 4307 tur
444 4255 492 4305 viri
504 4258 571 4305 docti
585 4260 706 4315 locutum,
720 4272 780 4319 prae
791 4260 879 4315 altero,
894 4260 926 4305 lo·
978 4257 1041 4307 libro
1055 4259 1174 4309 omittitur
1187 4260 1265 4323 quid.-
1280 4265 1307 4309 et
1320 4260 1444 4309 maioribus
1455 4254 1495 4303 tm

392 4340 459 4395 tum,
473 4336 540 4397 quod
552 4335 633 4398 ipsum
645 4336 867 4398 Pideritioquoque
875 4338 929 4398 pla·
979 4352 1030 4385 non
1053 4337 1100 4385 nisi
1119 4338 1289 4400 interpretatio
1311 4343 1348 4389 ast
1366 4335 1494 4387 anteceden-

282 4471 285 4476 ,
391 4428 447 4463 cere
464 4414 547 4462 video.
572 4412 696 4462 Credibile
709 4428 760 4461 non
775 4421 812 4461 est
826 4416 929 4463 Brutum
978 4416 1055 4472 tium,
1070 4430 1144 4476 quam
1157 4415 1321 4465 abiiciendarn
1335 4429 1428 4465 censeo.

391 4498 487 4555 patrem
507 4492 656 4553 scripturum
676 4492 767 4550 fuisse,
787 4507 879 4553 equum
893 4494 928 4541 la·
1014 4496 1071 4543 226.
1089 4498 1173 4543 castra
1185 4495 1285 4543 materie.
1302 4494 1407 4557 Requiro
1419 4489 1495 4545 muti,

394 4584 523 4619 uraremur
540 4586 587 4635 ego
601 4576 626 4619 et
639 4569 730 4619 filiua.”
980 4572 1188 4633 quamadmodum
1208 4573 1234 4621 in
1247 4573 1349 4635 reliquis
1362 4584 1451 4634 quoquc
1462 4569 1494 4616 111·
