3242 5500
479 575 592 623 ranna
619 576 756 624 earnes
783 558 800 638 i
828 558 910 627 213.
1212 560 1258 629 93

140 746 193 818 dis
218 754 252 817 et
276 746 459 817 sententiis
484 746 526 817 ad
554 748 773 843 probandum
799 750 1068 823 accommodatis
1086 752 1139 823 uti
1150 754 1260 847 possit

139 856 174 926 in
212 854 326 925 causis
363 854 560 949 forensibus
597 866 701 953 atque
734 858 991 931 communibus.
1051 859 1159 933 Hunc
1193 886 1259 958 ego

139 964 276 1061 appello
313 971 502 1051 oratorem,
541 990 692 1060 eumque
727 990 801 1039 esse
838 975 1014 1063 praeterea
1048 970 1260 1044 instructum

139 1098 220 1145 voce
254 1081 288 1145 et
320 1073 456 1146 actione
489 1081 524 1145 et
549 1074 666 1169 lepore
691 1075 844 1169 quodam
869 1077 957 1149 volo.
1010 1078 1156 1151 Crassus
1181 1104 1260 1152 vero
1286 1094 1334 1139 an

139 1182 224 1255 mihi
249 1190 371 1255 noster·
390 1183 485 1255 visus
512 1192 564 1255 est
588 1184 732 1255 oratoris
756 1184 955 1258 facultatem
979 1211 1050 1259 non
1072 1188 1142 1261 illis
1155 1190 1259 1262 arctis

140 1292 312 1378 terminis,
339 1292 401 1364 sed
425 1292 560 1387 ingenii
585 1292 639 1365 sui
663 1292 794 1365 finibus
812 1295 992 1369 immensis
1003 1321 1114 1392 paene
1129 1297 1257 1370 descri-

138 1400 233 1474 bere:
261 1426 343 1475 nam
369 1409 404 1474 et
424 1402 602 1474 civitatum
625 1402 856 1497 regendarum
881 1406 1009 1476 oratori
1021 1405 1259 1500 gubernacula

139 1512 311 1584 sententia
341 1535 404 1582 sua
433 1510 578 1583 tradidit
585 1544 594 1596 ;
625 1510 662 1583 in
693 1534 763 1605 quo
792 1536 855 1608 per
879 1512 967 1585 mihi
991 1515 1119 1587 mirum
1142 1517 1258 1589 visum

139 1627 205 1706 est,
233 1619 414 1705 Scaevola,
440 1628 476 1691 te
509 1620 574 1692 hoc
603 1620 655 1692 illi
684 1621 889 1708 concedere,
920 1647 1032 1717 quum
1057 1626 1258 1721 saepissime

137 1728 200 1800 tibi
226 1737 369 1802 senatus
394 1728 545 1801 breviter
568 1729 796 1825 impoliteque
821 1729 952 1803 dicenti
975 1733 1138 1805 maximis
1158 1735 1201 1806 sit
1213 1733 1257 1805 de

137 1838 238 1911 rebus
265 1863 449 1911 assensus:
477 1838 528 1909 M.
555 1862 634 1910 vero
660 1838 828 1926 Scaurus,
851 1864 956 1934 quem
980 1865 1052 1913 nou
1069 1839 1258 1938 longeruri

137 1949 229 2043 apud
255 1972 293 2020 se
316 1972 390 2020 esse
413 1946 539 2033 audio,
569 1942 637 2043 [vir
648 1949 822 2042 regendae
833 1950 884 2021 rei
895 1948 1057 2045 publicae
1069 1951 1257 2024 scientissi-

137 2082 212 2129 mus
221 2052 249 2153 ,]
265 2058 294 2129 si
306 2056 472 2142 audierit,
485 2056 576 2129 hanc
588 2057 831 2130 auctoritatem
845 2053 1039 2153 [gravitatis
1050 2056 1101 2157 et]
1121 2061 1258 2134 consilii

140 2161 224 2261 [sui]
252 2166 422 2238 vindicari
445 2174 531 2253 ate,
556 2166 701 2252 Crasse,
727 2166 824 2262 quod
835 2191 912 2239 eam
924 2169 1069 2241 oratoris
1080 2171 1258 2266 propriam

137 2300 207 2348 esse
220 2276 338 2362 dicas,
365 2276 452 2361 iam,
478 2274 597 2361 credo,
623 2274 838 2361 hucveniat,
862 2275 999 2350 ethanc
1012 2278 1256 2373 loquacitatem

136 2394 290 2457 nostram
319 2386 420 2457 vultu
444 2384 520 2480 ipso
545 2393 759 2481 aspectuque
784 2393 978 2458 conterreat
990 2420 999 2472 ;
1025 2388 1108 2483 qui,
1134 2413 1255 2484 quam·

136 2519 238 2589 quam
271 2494 384 2567 estin
411 2493 559 2565 diceudo
582 2493 727 2565 minime
751 2495 1046 2582 contemnendus,
1071 2498 1258 2593 prudentia

135 2613 248 2675 tamen
279 2627 396 2677 rerum
417 2626 626 2698 magnarum
650 2603 783 2699 magis,
809 2627 915 2698 quam
941 2604 1082 2678 dicendi
1102 2615 1175 2679 arte
1199 2606 1252 2679 ni·

135 2713 228 2787 titur.
281 2714 408 2810 Neque
442 2736 539 2798 vero,
575 2713 604 2785 si
639 2713 718 2808 quis
746 2721 937 2809 utrumque
960 2723 1096 2810 potest,
1118 2724 1180 2790 aut
1198 2716 1258 2790 ille
1284 2732 1332 2781 21⁵

136 3041 221 3088 supra,
243 3032 256 3086 §
279 3029 309 3084 6,
329 3033 383 3076 tum
397 3027 466 3077 Orat.
482 3032 494 3087 ξ
510 3031 534 3077 3.
569 3027 670 3086 Quoties
720 3027 771 3076 tida
784 3027 942 3089 interpolatio
956 3027 1093 3078 abiicienda
1105 3034 1152 3080 est.

136 3110 260 3166 praeterea
281 3106 333 3154 duo
352 3106 396 3153 illa
415 3105 537 3154 vocabula
556 3105 582 3153 in
602 3104 671 3153 libris
753 3105 998 3155 taneauctorr'iaiem
1007 3108 1259 3171 [pravitattaet]coa·

136 3183 235 3232 confusa
249 3185 313 3241 sint,
328 3183 396 3232 haud
409 3185 485 3232 semel
499 3183 614 3232 indicavi.
633 3185 671 3231 De
721 3183 771 3230 aar
793 3183 857 3246 [cai]
879 3186 1000 3233 radicari
1020 3201 1035 3232 a
1060 3191 1092 3235 te.
1126 3189 1180 3236 Nec
1198 3188 1259 3237 ferri

136 3261 176 3310 illo
195 3276 282 3310 reram
301 3262 408 3310 omnium
424 3262 513 3310 iterum
532 3261 672 3310 ridebimus
722 3265 815 3323 potest,
832 3268 859 3311 ut
869 3263 1001 3324 pravitati,
1016 3266 1259 3326 quaevelorationis,

136 3340 166 3386 ad
179 3345 190 3398 §
205 3342 262 3389 219.
721 3341 763 3388 vel
782 3340 859 3402 ipsius
878 3355 999 3402 personae
1017 3351 1070 3391 esse
1083 3344 1185 3403 dicitur,
1199 3360 1258 3393 auc-

168 3421 225 3466 214.
250 3420 361 3466 oreimis
381 3418 535 3477 facultatem
555 3419 674 3466 coniitia
723 3418 814 3466 toritas
831 3418 967 3467 tribuatur:
985 3421 1067 3469 solent
1078 3421 1124 3470 ista
1138 3423 1260 3487 disiungi,

136 3501 211 3546 arctis
228 3498 343 3546 ternanta
354 3525 389 3532 —-
401 3497 547 3545 describere.
565 3499 604 3545 De
617 3511 673 3545 meo
722 3501 750 3544 ut
761 3497 860 3544 invent.
869 3497 890 3545 1.
899 3499 955 3554 fin,
968 3512 1049 3559 neque
1056 3499 1260 3549 confundendum

137 3577 226 3625 correxi
241 3577 294 3624 illia
307 3591 353 3638 pro
366 3576 445 3634 illinc,
459 3581 513 3624 tum
526 3576 613 3634 arctis,
627 3591 674 3637 pro
723 3579 760 3623 est
779 3575 820 3630 id,
842 3574 909 3635 quod
929 3577 1002 3624 Tuae.
1021 3577 1053 3624 V.
1074 3581 1087 3635 ξ
1109 3580 1140 3626 34
1155 3579 1259 3638 dicitur,

137 3656 209 3713 artic,
223 3655 250 3703 id
264 3655 335 3716 quod
347 3657 457 3703 firmatur
472 3655 544 3703 unius
551 3653 608 3702 libri
615 3669 672 3703 auc·
723 3653 758 3701 sic
770 3653 993 3714 interpretandum,
1007 3663 1036 3702 ut
1042 3656 1113 3703 Plato
1120 3655 1261 3706 sueritauc·

137 3735 230 3782 toritate
244 3733 313 3796 apud
327 3734 487 3781 Ellendtium.
507 3733 629 3782 Vitiosum
643 3735 673 3781 il·
722 3735 762 3779 tor
776 3731 849 3778 huius
862 3732 944 3794 gravis
957 3732 1102 3781 sententiae.
1120 3736 1260 3794 Praeterea,

139 3811 183 3858 lias
200 3809 329 3859 indicabat
348 3810 481 3860 alibrariis
495 3816 519 3861 et
533 3811 674 3861 Editoribur
722 3810 856 3858 ridiculum
882 3814 919 3858 est
942 3809 1030 3858 Scauri
1049 3813 1178 3860 coralium
1197 3811 1261 3877 (aui)

137 3890 198 3936 ariis
214 3905 260 3951 pro
276 3890 392 3938 Genitivo
405 3888 517 3938 habitum
531 3905 592 3939 esse.
610 3887 674 3938 Arc·
724 3889 845 3952 pedicari
857 3904 873 3935 α
888 3890 990 3937 Crasso.-
1005 3890 1114 3950 loquitur
1126 3890 1152 3939 in
1160 3905 1260 3954 genere,

139 3967 343 4029 tiaopponuntur
357 3968 489 4030 moxflaea
505 3968 630 4026 immensi,
648 3973 676 4016 nt
724 3973 752 4016 ut
778 3981 837 4014 mox
861 3967 921 4015 dicit
940 3968 1034 4016 mnata
1049 3969 1145 4029 publici
1164 3969 1260 4017 auctor.

139 4047 210 4103 §264
225 4051 278 4103 est,
287 4047 355 4108 fines
367 4047 458 4111 eripui.
725 4046 786 4094 Ideo
821 4047 925 4094 molesta
958 4044 1106 4095 emblemata
1142 4048 1262 4096 elicienda

168 4125 318 4185 saepissime.
351 4126 386 4173 Ut
406 4125 459 4173 aliis
479 4125 555 4185 locis,
580 4125 615 4174 ita
635 4125 675 4174 hic
724 4129 793 4187 puto.

138 4201 270 4262 praestabit
284 4216 364 4262 caepe.
758 4204 805 4251 lenc
818 4202 908 4251 veniat.
926 4203 1000 4250 Unde
1014 4203 1055 4251 hic
1069 4201 1261 4254 coniunctium?

171 4283 221 4343 [atr
241 4281 364 4342 repandae
384 4281 421 4328 rei
437 4280 551 4340 publicae
564 4281 674 4329 caenia-
726 4281 923 4344 Ccrrigendum,
945 4281 992 4330 tac
1005 4284 1096 4340 veniet,
1110 4284 1140 4331 ut
1153 4283 1216 4331 tanc
1228 4309 1262 4319 —-

138 4359 235 4420 amus}
267 4360 355 4418 Neque
369 4358 410 4406 hic
424 4357 528 4407 decebat
541 4360 676 4408 Antonium
725 4361 876 4408 conterreat.

139 4450 178 4485 eas
197 4437 285 4486 laudea
305 4435 414 4486 tribuere
434 4438 542 4496 Scauro,
563 4437 676 4486 omnibus
759 4440 816 4486 215.
834 4439 942 4499 clipeum
958 4437 1095 4486 edentum.
1119 4439 1176 4486 Non
1189 4453 1261 4501 opor-

139 4513 235 4564 cbunde
255 4515 369 4578 cognito,
388 4521 413 4563 et
426 4516 500 4564 modo
514 4521 677 4566 antecesserat
725 4515 794 4564 tabat
805 4514 989 4576 Wyttenbachii
999 4515 1190 4574 correctionem,
1203 4518 1263 4566 are-

140 4592 265 4641 cicttatnm
272 4595 435 4654 rependerem
441 4595 613 4654 paternarum
627 4596 676 4642 Pu·
726 4593 943 4651 cumscientiam,
963 4593 1048 4655 recipi.
1084 4594 1264 4658 corrigendum
