3242 5500
448 582 562 631 nramr
588 582 790 633 snouunus
819 567 837 646 §
862 564 945 633 362.
1191 568 1260 638 267

180 754 256 825 Nos
290 778 390 840 vero,
425 754 542 850 inquit
579 754 745 841 Catulus,
776 755 921 841 (etenim
951 780 1014 852 pro
1034 780 1091 827 mc
1113 756 1198 845 boc,
1226 767 1260 831 et
1287 762 1333 831 89

129 888 195 959 pro
230 888 309 935 meo
343 864 448 935 fratre
471 864 680 959 respondeo)
709 888 779 937 non
806 865 911 936 modo
934 864 1001 936 tibi
1021 864 1258 959 ignoscimus,
1285 890 1333 934 aas

128 973 193 1045 sed
226 983 263 1045 te
296 972 499 1068 diligimus,
535 997 771 1069 magnamque
804 974 872 1046 tibi
893 974 1063 1045 habemus
1088 977 1237 1070 gratiam
1249 1012 1257 1063 ;

128 1090 163 1154 et
185 1106 298 1179 quum
323 1081 576 1155 humanitatem
602 1090 637 1155 et
657 1083 862 1155 facilitatem
893 1084 1117 1179 agnoscimus
1140 1094 1259 1173 tuam,

126 1200 206 1263 tum
241 1192 455 1264 admiramur
485 1193 589 1264 istam
625 1193 808 1265 scientiam
828 1201 862 1265 et
883 1196 1031 1289 copiam.
1083 1194 1260 1291 Equidem

126 1302 238 1381 etiam
270 1300 336 1374 boc
372 1326 428 1375 me
466 1310 665 1375 assecutum
700 1310 807 1399 puto,
834 1303 930 1398 quod
954 1327 1083 1398 magno
1108 1330 1186 1377 sum
1211 1306 1259 1376 le·

127 1419 230 1483 vatus
254 1436 387 1498 errore,
419 1406 469 1507 [ct
494 1413 555 1484 illa
572 1411 803 1485 admiratione
822 1412 991 1484 liberatus
999 1408 1026 1508 ,]
1055 1413 1151 1509 quod
1167 1415 1258 1486 mul·

126 1522 175 1593 tis
208 1546 291 1593 cum
313 1521 390 1593 aliis
415 1547 552 1619 semper
574 1522 739 1619 admirari
763 1522 937 1608 solebam,
963 1523 1059 1595 unde
1084 1531 1175 1596 essct
1199 1524 1260 1596 illa

128 1638 233 1703 tanta
259 1637 321 1703 tua
344 1631 380 1702 in
405 1633 519 1704 causis
542 1631 725 1705 divinitas:
754 1657 819 1704 nec
844 1633 937 1704 enim
959 1639 993 1705 te
1016 1634 1084 1705 ista
1102 1634 1259 1729 attigisse

127 1740 345 1827 arbitrabar,
383 1766 473 1835 quae
509 1741 781 1837 diligentissime
811 1766 1001 1837 cognosse,
1041 1751 1076 1817 et
1100 1744 1259 1841 undique

126 1850 334 1943 collegisse,
376 1875 514 1947 usuque
553 1852 697 1924 doctum
738 1852 868 1947 partim
908 1854 1100 1926 correxisse
1132 1854 1255 1940 vide0,
1283 1892 1328 1934 3a3

126 1959 258 2055 partim
299 1961 553 2057 comprobasse.
615 1962 742 2057 Neque
778 1986 824 2035 ,eo
863 1963 982 2034 minus
1022 1964 1255 2060 eloquentiam

126 2077 248 2155 tuam,
277 2077 312 2142 et
337 2071 450 2143 multo
475 2072 588 2167 magis
610 2071 775 2144 virtutem
793 2080 829 2144 et
846 2072 1067 2168 diligentiam
1085 2074 1256 2160 admiror,

126 2187 160 2252 et
188 2178 296 2250 simul
318 2180 456 2274 gaudeo
477 2182 648 2254 iudicium
668 2182 778 2254 animi
803 2183 874 2254 mei
897 2182 1135 2279 comprobari,
1162 2185 1258 2279 quod.

127 2313 270 2384 semper
294 2290 422 2376 statui,
449 2292 627 2364 neminem
651 2292 844 2389 sapientiae
869 2292 1010 2364 laudem
1033 2301 1068 2365 et
1091 2294 1257 2390 eloquen-

126 2400 199 2472 tiae
233 2399 310 2471 sine
346 2424 483 2472 summo
513 2400 630 2473 studio
654 2410 689 2474 et
711 2402 830 2475 labore
854 2410 887 2474 et
909 2403 1067 2476 doctrina
1090 2406 1258 2500 consequi

126 2534 243 2606 posse.
299 2508 368 2581 Sed
398 2516 515 2582 tamen
538 2511 708 2607 quidnam
730 2520 801 2599 est,
830 2512 926 2608 quod
951 2514 1092 2601 dixisti,
1119 2514 1192 2585 fore
1218 2531 1257 2586 ut

126 2618 196 2691 tibi
231 2620 515 2713 ignosceremus,
553 2622 582 2691 si
614 2644 885 2716 cognossemus,
920 2647 1010 2717 quae
1032 2632 1068 2696 te
1092 2648 1198 2696 causa
1220 2626 1257 2697 in

127 2753 328 2802 sermonem
364 2729 591 2826 impulisset?
628 2731 730 2822 Quae
753 2738 804 2803 est
828 2733 923 2804 enim
946 2731 1014 2804 alia
1036 2759 1160 2821 causa,
1188 2736 1257 2808 nisi

126 2839 226 2936 quod
265 2838 388 2925 nobis,
427 2846 461 2911 et
496 2840 620 2912 horum
653 2841 929 2914 adolescentium
965 2843 1102 2930 studio,
1137 2847 1199 2941 qui
1222 2856 1257 2917 te

126 2949 365 3021 attentissime
402 2949 610 3036 audierunt,
647 2975 780 3023 morem
807 2975 927 3046 gerere
948 2952 1117 3025 voluisti?
1166 2955 1256 3026 'lum
1283 2990 1330 3032 ara

125 3059 209 3144 ille,
253 3056 440 3144 Adimere,
484 3058 622 3155 inquit,
665 3084 805 3132 omnem
844 3062 1097 3135 recusationem
1132 3063 1257 3136 Crasso

125 3167 242 3252 volui,
270 3189 376 3260 quem
397 3191 462 3263 ego
476 3169 595 3265 paullo
613 3165 728 3265 [ante]
743 3171 896 3243 sciebam
909 3173 964 3244 vel
976 3173 1184 3269 pudentius,
1203 3175 1257 3244 vel

125 3389 424 3398 ae———-——-———-—·-

160 3523 218 3571 361.
241 3523 342 3584 [quum]
361 3523 385 3568 te
401 3524 495 3570 Catule.
520 3524 668 3571 Tollendum
722 3523 852 3582 liberatus,
868 3526 983 3585 quoniam
995 3527 1020 3572 in
1032 3528 1256 3576 admiratioaenul·

125 3603 190 3649 illud
205 3614 297 3664 quum,
316 3615 330 3648 a
344 3601 466 3650 sententia
480 3601 597 3648 alienum.
720 3602 772 3649 lum
786 3603 929 3662 vinculum,
944 3605 1062 3664 nullaque
1076 3607 1206 3654 necessitas
1213 3621 1255 3654 co-

159 3681 218 3729 362.
238 3693 282 3727 nos
293 3693 357 3738 cero,
373 3694 407 3727 sc.
417 3679 575 3743 ignoscimus.
596 3680 669 3728 Conf.
720 3681 793 3743 gitari
820 3686 916 3742 potest:
945 3687 998 3730 tum
1026 3682 1112 3731 inscite
1139 3684 1201 3732 haec
1223 3686 1256 3734 ita

46 3763 53 3770 '
125 3759 157 3806 ad
172 3763 184 3816 §
199 3759 259 3806 290.
286 3759 373 3818 Itaque
387 3758 464 3816 haec,
480 3771 527 3804 noa
541 3759 610 3806 modo
625 3760 670 3806 tibi
693 3769 696 3864 q
719 3759 868 3821 iunguntur,
882 3759 926 3806 illa
939 3761 1084 3819 admiratio,
1103 3764 1168 3823 qaod
1178 3766 1255 3812 admi-

125 3838 289 3898 ipaoacimaa,
312 3835 460 3896 interpolata
479 3851 531 3884 esse
546 3837 668 3898 suspicor:
720 3837 892 3886 rortaolebcm.
905 3838 1011 3887 Sublatis
1019 3839 1076 3898 illis,
1084 3842 1109 3886 ei
1116 3842 1160 3890 illa
1167 3845 1255 3893 admir.

124 3921 177 3964 tum
191 3929 298 3976 sequens
310 3915 354 3962 sed
366 3915 511 3962 mutandum
525 3915 550 3962 in
565 3916 598 3962 et.
621 3917 670 3964 Sed
720 3917 847 3974 liberatus,
862 3917 1007 3979 legendum,
1023 3934 1096 3980 qaum
1107 3922 1257 3972 multisonam

126 3995 201 4042 Pron.
228 3993 668 4051 coeloeomutandumest,ut1e-
719 3995 776 4040 aliis
789 3993 878 4041 mirari
888 3997 992 4042 combam
1004 4024 1046 4044 —.
1061 4000 1255 4050 Estsanecdmi·

127 4076 198 4135 gatar
213 4073 240 4118 et
248 4085 299 4130 pro
313 4072 357 4119 hoc
370 4086 421 4119 meo
430 4071 530 4132 fratre.
719 4073 774 4119 rari
787 4073 851 4121 soleo
865 4087 947 4134 supra,
962 4079 974 4132 ξ
989 4076 1049 4132 126;
1064 4078 1107 4124 sed
1119 4079 1185 4126 conf.
1195 4084 1207 4138 §
1216 4083 1256 4128 59.

159 4151 273 4212 equidem
301 4151 375 4197 etiam
402 4151 446 4197 boc
476 4166 513 4198 me
533 4151 670 4198 assecutum
753 4151 810 4198 363.
829 4151 856 4198 in
880 4164 1024 4200 sermonem.
1066 4156 1207 4216 Requiritur
1231 4161 1257 4205 in

123 4231 201 4296 pato,
222 4229 251 4276 ln
266 4228 351 4276 multis
365 4227 434 4276 libris
449 4229 524 4276 etiam
538 4229 667 4277 omittitur:
719 4229 783 4275 bunc
795 4242 938 4277 sermonem.

127 4321 206 4368 neque
235 4311 272 4356 est
298 4306 370 4354 huius
392 4307 449 4355 loci.
492 4307 541 4356 Sed
561 4311 668 4369 praestat
751 4308 836 4354 studio
854 4334 887 4342 —
900 4322 992 4356 morem
1003 4323 1098 4373 perere.
1131 4315 1184 4373 lta,
1204 4317 1254 4376 I.§

127 4390 222 4434 mutare
243 4387 269 4433 in
291 4386 356 4443 iam,
381 4385 445 4434 sicut
465 4385 491 4432 in
512 4386 585 4434 simili
612 4388 668 4435 loco
719 4387 764 4444 99,
786 4387 869 4434 studio
882 4389 990 4449 obsequi:
1005 4390 1071 4436 conf.
1087 4391 1118 4437 ad
1132 4393 1154 4440 I.
1169 4398 1182 4451 §
1198 4395 1252 4444 135:

127 4463 230 4522 dicitm,
247 4468 259 4522 ξ
275 4465 317 4512 59.
718 4465 785 4512 unde
806 4467 980 4524 confirmatur,
1000 4469 1068 4527 quod
1082 4470 1254 4534 corrigendum

161 4541 226 4604 quod
238 4556 327 4606 mapuo
340 4556 394 4589 aum
403 4545 495 4590 beatus
502 4555 595 4591 errore.
614 4545 669 4592 Hoc
718 4541 829 4590 dixeram
846 4557 935 4605 supra,
951 4545 972 4592 1.
988 4549 1000 4604 ξ
1015 4547 1039 4594 3.

128 4622 226 4682 proprie
246 4621 350 4678 dicitur,
369 4636 420 4669 non
433 4621 492 4670 item
506 4622 669 4670 admiratione
692 4667 695 4681 ,
752 4622 810 4669 364.
835 4636 906 4684 quem
933 4638 974 4686 epo
990 4627 1077 4685 paullo
1097 4627 1178 4690 [cate]
1194 4632 1255 4677 acie-
