3242 5500
95 1092 137 1163 sl'e
147 1126 155 1161 ι’
162 1124 199 1163 tit
216 1130 277 1163 tuem
290 1097 337 1155 viv

90 1219 155 1251 ticum
170 1195 281 1256 vim«,
294 1189 338 1235 &D

102 1289 185 1353 Ινωὶὶ
205 1286 316 1347 ἐγω-’ψ

85 1382 144 1425 suut
156 1383 218 1457 tnui
236 1369 296 1417 ΛΜ
303 1387 336 1408 ¹⁶⁹

176 1486 182 1500 .

82 1480 166 1592 Γ

392 533 460 601 302
732 549 845 597 arana
871 514 1041 597 ruamus.
1071 531 1087 611 ἓ
1114 531 1171 599 co.

391 722 492 795 utin
519 730 673 807 oratore,
699 722 808 807 exile,
836 722 1064 807 inusitatum,
1091 720 1509 815 abhorrens'abauribirs

393 832 506 929 vulgi,
532 831 738 919 obscurum,
765 833 886 917 inane,
912 832 1088 917 ieiunum,
1114 856 1154 902 ac
1178 839 1294 903 toturn
1322 811 1504 917 eiusmodi,

392 968 462 1040 quo
486 943 538 1013 uti
560 942 602 1014 ad
621 943 748 1038 vulgus
766 942 864 1013 nullo
881 942 986 1013 modo
1002 941 1129 1036 possit:
1156 941 1225 1013 alia
1241 940 1338 1011 enim
1356 950 1394 1013 et
1406 940 1504 1027 bona,

392 1061 427 1123 et
464 1052 555 1123 mala
589 1051 752 1123 videntur
788 1051 913 1123 Stoicis
948 1058 983 1122 et
1020 1051 1144 1123 ceteris
1180 1050 1338 1144 οἰκὼς,
1374 1051 1431 1121 vel
1453 1076 1503 1145 po·

391 1161 462 1267 tius
495 1160 682 1265 geptibrrs,
718 1161 785 1232 alia
819 1161 871 1233 vis
897 1160 1058 1246 honoris,
1085 1160 1321 1255 ignominiae,
1348 1143 1504 1255 praemii,

392 1271 556 1366 supplicii
592 1274 704 1357 (vere,
729 1295 773 1341 an
798 1294 919 1355 secus,
945 1268 1035 1341 nihil
1059 1268 1105 1339 ad
1129 1269 1194 1341 hoc
1218 1273 1401 1365 tempus);
1434 1270 1504 1355 scd,

392 1404 431 1451 ea
453 1381 482 1451 si
505 1405 712 1475 sequamur,
738 1380 874 1451 nullam
898 1403 1067 1473 umquam
1091 1402 1165 1449 rem
1184 1377 1333 1451 dicendo
1351 1379 1505 1474 expedire

335 1514 365 1565 cr
392 1490 577 1585 possimus.
644 1488 787 1584 Reliqui
834 1497 918 1560 sunt
954 1486 1179 1583 Peripatetici
1227 1495 1263 1558 et
1299 1487 1503 1559 Academici.

394 1601 619 1694 Quamquam
663 1597 954 1669 Academicorum
988 1620 1117 1668 nornen
1143 1604 1194 1668 est
1214 1620 1348 1682 unum,
1377 1606 1504 1669 santen-

392 1710 462 1780 tiae
495 1709 603 1781 duae:
643 1732 724 1778 narn
762 1708 979 1801 Speusippus
1009 1706 1165 1777 Platonis
1189 1706 1317 1778 sororis
1340 1707 1455 1792 filius,
1478 1713 1506 1775 et

393 1817 627 1903 Xenocrates
666 1818 728 1912 qui
763 1816 946 1889 Platonem
972 1815 1147 1900 audierat,
1173 1824 1226 1900 et,
1254 1816 1317 1911 qui
1340 1814 1506 1887 Xenocra·

393 1924 486 2014 tem,
524 1926 667 1998 Polemo
701 1936 736 1999 et
762 1927 912 1998 Crantor
935 1925 1026 1998 nihil
1050 1924 1094 1997 ab
1120 1924 1332 2010 Aristotele,
1358 1926 1506 2021 quium

393 2038 552 2111 audierat
600 2036 805 2123 Platonem,
852 2059 1066 2131 magnopere
1110 2034 1373 2123 dissenserunt,
1419 2034 1506 2128 eopia

393 2148 537 2223 fortasse
568 2155 603 2219 et
622 2147 788 2218 varietate
811 2145 952 2217 dicendi
977 2168 1077 2239 pares
1102 2168 1174 2214 non
1199 2144 1356 2216 luerunt.
1409 2143 1504 2214 Aroe·

394 2258 475 2331 silus
521 2258 696 2353 primum,
745 2254 807 2351 qui
852 2253 1080 2326 Polemonem
1116 2252 1296 2338 audierat,
1336 2278 1380 2325 ex
1414 2253 1505 2324 variis

393 2368 550 2442 Platonis
586 2366 685 2439 libris
724 2364 1014 2460 sermonibusque
1045 2362 1228 2435 Socraticis
1265 2362 1332 2433 hoc
1365 2363 1505 2433 maxime

393 2628 460 2690 quod
472 2624 600 2685 tautologa
613 2620 662 2669 sint
675 2618 808 2667 abhorreas
821 2618 851 2664 ab
859 2617 927 2663 auti-
978 2615 1119 2677 appellatur
1131 2612 1210 2671 infra,
1225 2614 1309 2670 5121,
1324 2615 1368 2660 tin.
1376 2613 1472 2668 Contra,
1484 2612 1502 2657 1.

393 2712 437 2758 tue
456 2705 535 2767 enipi,
558 2707 583 2752 et
602 2712 649 2764 quo
667 2699 706 2745 uti
726 2698 760 2743 ad
778 2698 864 2760 culpae
881 2709 929 2743 noa
979 2696 1051 2754 550,
1065 2698 1133 2741 reete
1147 2691 1247 2754 ponitur
1260 2691 1359 2739 dicendi
1371 2693 1480 2739 canetae.

388 2789 478 2851 porcia.
519 2786 575 2832 Non
596 2779 722 2829 assentior.
763 2777 827 2824 Nam
846 2775 928 2835 priora
1011 2771 1137 2822 Arcesilae
1157 2772 1276 2830 primam.
1319 2772 1376 2819 Non
1403 2770 1505 2818 adiicitur

392 2870 435 2916 illa
457 2863 586 2915 manifesto
606 2860 719 2921 spectant
739 2852 928 2916 argumentandi
978 2852 1038 2913 quid
1052 2852 1112 2911 post
1131 2849 1227 2898 iecerit.
1261 2848 1312 2896 Sed
1325 2848 1503 2912 corrigendum,

392 2949 511 3000 formam,
533 2947 557 2991 et
570 2937 697 2988 artificium
711 2932 814 2981 rationis
826 2933 929 2980 conclu·
972 2931 1086 2990 primus,
1106 2927 1178 2976 sicuti
1197 2941 1255 2974 mox
1267 2927 1335 2975 idem
1349 2924 1504 2975 Arcesilaadi-

393 3027 505 3076 dendae.
526 3027 578 3070 tum
593 3030 658 3065 nova
671 3011 748 3062 verba
761 3010 835 3059 rebus
848 3009 928 3070 impo·
978 3010 1042 3056 citur
1050 3008 1152 3068 primus
1164 3005 1312 3052 instituisse.

393 3105 449 3155 sita:
470 3103 496 3149 in
514 3096 643 3162 postremis
661 3096 742 3140 autern
755 3088 929 3151 intelliguntur
1011 3087 1076 3133 aiiii
1100 3099 1152 3133 ease
1173 3084 1262 3146 [cerii]
1285 3083 1352 3144 quod
1368 3108 1402 3116 -
1416 3080 1505 3142 pereipi

392 3181 484 3246 placita
496 3179 549 3240 ipsa
562 3175 713 3227 Stoicorum,
729 3182 792 3231 quae
804 3166 929 3214 communi
973 3165 1064 3227 poscit.
1089 3165 1172 3222 Quum
1184 3175 1225 3210 res
1237 3162 1306 3222 ipsa,
1320 3165 1374 3209 tum
1388 3161 1505 3220 complura

392 3260 522 3311 hominum
538 3253 619 3306 sensui
633 3256 658 3300 et
671 3247 781 3312 opinioni
795 3246 927 3294 adversen·
980 3242 1106 3292 Ciceronis
1126 3239 1267 3290 testimonia
1285 3239 1313 3286 in
1327 3239 1412 3286 eadem
1424 3252 1451 3286 re
1463 3237 1505 3284 hoc

393 3345 443 3390 tur.
468 3336 517 3386 Sed
529 3334 633 3382 fortasse
647 3328 680 3376 ad
692 3327 788 3390 culpus,
804 3324 871 3386 quod
885 3325 928 3371 Li·
978 3336 1038 3370 sane
1051 3327 1146 3368 certum
1160 3318 1294 3382 evincunt,
1313 3318 1376 3365 certi
1388 3317 1460 3365 stulte
1471 3315 1504 3362 ir·

393 3418 494 3467 vianum
508 3416 558 3470 est,
577 3407 723 3458 mutandum
735 3405 762 3452 in
775 3401 844 3464 apud
856 3417 877 3451 a.
977 3401 1126 3461 terpolatum
1142 3411 1204 3447 esse.
1238 3396 1325 3456 ipsum
1339 3392 1505 3457 placitumhoe

427 3497 478 3544 alia
497 3493 533 3542 vis
552 3489 651 3538 bonoria
663 3513 704 3532 -.
740 3484 799 3530 Le.
815 3481 929 3528 bonorem

392 3576 441 3624 alio
454 3572 529 3622 modo
541 3568 744 3628 interpretentur:
762 3564 791 3608 ut
804 3574 892 3620 supra,
906 3559 928 3606 Ι.

393 3659 406 3714 ξ
422 3655 465 3711 64,
480 3651 516 3700 vie
532 3645 647 3697 oratoru.

428 3732 468 3780 67.
499 3724 623 3774 audierat.
663 3716 800 3769 Praestabit
826 3714 930 3764 fortasse

393 3808 533 3858 audierant.

427 3880 604 3934 dissenserunt.
639 3880 694 3926 Hoc
715 3889 728 3922 e
746 3871 862 3922 Lambini
874 3885 929 3919 eor-

393 3965 503 4014 rectione
515 3965 656 4020 receptum,
670 3968 716 4016 pro
727 3953 797 4014 vulg.
806 3951 929 3998 dissentit.

394 4031 928 4103 Nonputo,Singularedefendiposseexem-

393 4123 457 4186 plis,
480 4131 542 4180 quae
563 4114 654 4162 excitat
673 4109 820 4165 Pideritius,
836 4108 872 4155 ΙΙ.
887 4111 899 4165 ς
914 4109 929 4154 2

393 4207 419 4250 et
432 4201 473 4249 26.
542 4219 543 4222 ¹

428 4271 660 4329 varietatedtcendt.
673 4265 929 4330 Corrigendumputo,

394 4357 529 4406 disserendi
543 4351 623 4417 (quod
636 4352 715 4398 exstat
730 4345 810 4400 inira,
825 4348 838 4400 t
855 4340 928 4399 121),

340 4429 356 4444 “
394 4436 509 4498 quoniam
530 4431 635 4480 varietas
655 4427 731 4489 ipsius
751 4422 878 4471 doetrinae
890 4420 929 4467 in·

393 4513 530 4577 redigenda
550 4514 601 4568 est,
622 4522 637 4555 a
650 4501 819 4564 Peripateticis
830 4498 930 4548 namuri

394 4593 493 4649 solitae,
521 4590 584 4638 sicut
611 4585 697 4633 eadem
718 4594 802 4629 rerum
823 4577 931 4625 varietas

979 3484 1046 3535 erat,
1061 3476 1126 3523 attii
1131 3475 1231 3537 percipi
1239 3487 1322 3534 poree.
1351 3472 1505 3522 conferantur

979 3557 1004 3603 hi
1025 3555 1088 3613 loci,
1110 3553 1188 3603 Acad.
1210 3554 1278 3601 Post.
1299 3553 1321 3600 I.
1343 3556 1356 3610 ξ
1376 3553 1406 3599 44
1426 3554 1451 3598 et
1462 3552 1504 3603 45,

979 3634 1057 3684 Aeaci.
1071 3633 1150 3680 Prior.
1164 3633 1200 3680 Il.
1215 3636 1228 3689 ξ
1245 3632 1288 3688 18,
1303 3629 1429 3692 etpassim.
1448 3626 1506 3675 Hine

979 3711 1075 3761 correxi
1088 3724 1177 3772 supra,
1192 3710 1214 3758 Ι.
1230 3714 1242 3767 §
1257 3711 1316 3756 222.

1014 3792 1055 3838 68.
1071 3803 1181 3837 socerum
1188 3801 1267 3834 meum
1276 3784 1445 3847 [Scaevolam]
1458 3780 1504 3831 Ab·

979 3869 1074 3918 iiciatur
1088 3869 1186 3916 Nomen
1199 3865 1338 3926 proprium.

1014 3949 1055 3996 69.
1073 3945 1132 3994 iaec
1145 3944 1253 4006 [cutm]
1264 3945 1334 3990 alea
1340 3939 1462 4002 Apennino
1467 3964 1505 3984 -.

979 4029 1063 4085 Quum
1082 4038 1127 4086 per
1147 4024 1226 4070 multa
1245 4022 1329 4070 secula
1345 4020 1436 4079 integra
1448 4015 1506 4063 adeo

978 4103 1107 4152 volumina
1118 4101 1243 4158 ferantur,
1261 4114 1326 4161 quae
1338 4111 1381 4160 pro
1393 4093 1507 4142 Tullianis

978 4180 1073 4230 indocti
1091 4179 1207 4239 doctique
1226 4179 1393 4238 amplexantur
1414 4177 1439 4221 et
1451 4185 1505 4219 exo·

979 4261 1116 4316 sculantur,
1128 4263 1155 4306 ut
1161 4256 1236 4304 hodie
1243 4255 1318 4304 etiam
1324 4251 1442 4314 indignari
1448 4265 1506 4298 non·

979 4340 1062 4388 nullos
1074 4337 1215 4390 videamus,
1232 4334 1253 4382 si
1266 4333 1320 4394 quis
1327 4329 1455 4385 exstiterit,
1468 4325 1506 4387 qui

978 4417 1025 4466 ista
1045 4419 1114 4464 tanto
1135 4417 1230 4461 ettam
1251 4410 1340 4458 eximio
1357 4407 1456 4469 ingenio
1470 4405 1505 4451 in·

979 4496 1055 4558 digna
1067 4507 1120 4542 esse
1127 4492 1292 4547 demonstret,
1306 4488 1380 4535 minus
1387 4483 1505 4540 miror,in

980 4574 1029 4620 hoe
1056 4570 1175 4634 palmatio
1202 4582 1278 4630 opere
1303 4565 1425 4626 complura
1444 4561 1505 4609 siros
