3242 5500
401 554 471 624 258
713 573 828 623 uranu
853 574 1054 624 sncuunus
1082 557 1101 637 §
1126 556 1208 624 339.

400 746 513 818 causis
545 746 694 819 totidem
717 746 911 819 medicinae
933 755 1177 843 opponuntur,
1203 754 1280 818 tum
1304 743 1508 839 obiurgatio,

401 855 431 927 si
466 864 518 929 est
553 856 756 941 auotoritas,
794 863 872 928 tum
907 855 1117 943 admonitio,
1144 856 1245 953 quasi
1269 854 1384 927 lenior
1406 854 1507 926 obiur-

400 965 512 1060 gatio,
553 974 630 1037 tum
664 965 867 1063 promissio,
903 967 933 1038 si
964 966 1156 1053 audierint,
1190 965 1416 1061 probaturos,
1444 972 1508 1035 turn

401 1074 616 1169 deprecatio,
643 1075 738 1172 quod
763 1084 817 1148 est
841 1076 1025 1162 infimum,
1053 1077 1115 1149 sed
1139 1098 1408 1170 nonnumquam
1424 1074 1505 1146 utile.

327 1206 376 1251 seo
400 1184 510 1257 Nullo
534 1194 653 1257 autem
676 1185 750 1258 loco
775 1186 856 1281 plus
880 1186 1022 1259 facetiae
1047 1195 1212 1281 prosunt,
1236 1193 1272 1257 et
1288 1185 1508 1270 celeritas,et

401 1292 505 1367 breve
521 1295 661 1390 aliquod
681 1295 834 1381 dictum,
860 1320 925 1367 nec
943 1296 1018 1368 sine
1031 1296 1221 1392 dignitate,
1248 1303 1283 1368 et
1295 1320 1377 1367 oum
1389 1295 1505 1391 lepore:

400 1403 491 1476 nihil
523 1404 616 1476 enim
652 1412 724 1477 tam
749 1405 870 1489 facile,
897 1430 1003 1500 quam
1027 1405 1239 1491 multitudo,
1263 1430 1285 1477 a
1307 1404 1460 1488 tristitia,
1480 1415 1508 1474 et

402 1538 503 1609 saepe
536 1513 580 1585 ab
615 1513 819 1601 acerbitate,
857 1516 1058 1600 commode,
1089 1524 1124 1587 et
1148 1514 1318 1600 breviter,
1345 1522 1380 1586 et
1404 1522 1506 1597 acute,
1598 1521 1599 1524 ’

401 1632 436 1695 et
458 1622 568 1695 hilare
592 1624 685 1696 dicto
709 1624 904 1697 deducitur.

328 1740 375 1808 84
448 1732 607 1829 Exposui
641 1734 732 1817 fere,
770 1743 811 1806 ut
846 1736 967 1831 potui,
999 1734 1114 1820 vobis,
1148 1734 1185 1806 in
1215 1742 1367 1831 utroque
1395 1755 1507 1827 genere

400 1866 585 1915 causarum
610 1868 698 1939 quae
724 1846 824 1939 sequi
846 1845 1013 1931 solerem,
1039 1869 1130 1941 quae
1150 1845 1288 1939 fugere,
1315 1867 1404 1940 quae
1423 1866 1505 1939 spec·
1598 1909 1599 1912 ,

328 1976 372 2023 aer
398 1959 489 2039 tare,
527 1976 665 2049 quaque
702 1954 846 2025 omnino
880 1955 917 2026 in
952 1955 1066 2026 causis
1100 1954 1235 2026 ratione
1257 1954 1395 2026 versari.
1444 1953 1507 2023 Nec

401 2062 491 2134 illud
521 2063 666 2135 tertium
706 2058 986 2159 [laudationum]
1026 2088 1141 2161 genus
1166 2072 1218 2135 est
1242 2063 1383 2137 difficile
1413 2058 1508 2157 [quod

401 2196 467 2267 ego
500 2171 603 2244 initio
634 2173 734 2268 quasi
765 2198 785 2244 a
814 2174 1009 2270 praeceptis
1034 2174 1162 2246 nostris
1188 2168 1431 2267 secreveraml:
1456 2170 1506 2242 sed

401 2290 436 2353 et
461 2281 544 2378 quia
568 2282 679 2353 multa
704 2291 821 2355 essent
843 2284 1042 2355 orationum
1059 2306 1207 2378 genera,
1234 2292 1269 2356 et
1286 2283 1454 2378 graviora,
1477 2289 1505 2350 et

400 2392 540 2464 maioris
575 2393 711 2489 copiae,
749 2393 793 2465 de
826 2393 956 2488 quibus
989 2418 1093 2467 nemo
1127 2395 1199 2465 fere
1227 2393 1453 2489 praeciperet,
1477 2400 1505 2459 et
1598 2417 1599 2430 ²

399 2501 496 2597 quod
520 2526 584 2573 nos
609 2502 873 2576 laudationibus
898 2528 969 2575 non
995 2504 1045 2575 ita
1069 2503 1223 2575 multum
1247 2504 1301 2576 uti
1318 2503 1504 2583 soleremus,

398 2619 513 2683 totum
554 2610 649 2684 hunc
694 2612 922 2709 segregabam
962 2614 1090 2685 locum.
1153 2613 1228 2709 Ipsi
1265 2612 1360 2685 enim
1397 2610 1504 2683 Graeci

400 2723 513 2818 magis
550 2722 692 2818 legendi
729 2732 763 2796 et
800 2723 1062 2810 delectationis,
1098 2732 1158 2796 aut
1190 2722 1344 2795 hominis
1373 2719 1503 2794 alicuius
1597 2802 1598 2807 η

399 2833 567 2920 ornandi,
600 2858 706 2929 qnam
741 2834 906 2906 utilitatis
942 2834 1049 2906 huius
1078 2835 1227 2906 lorensis
1252 2858 1373 2920 causa,
1397 2829 1501 2904 lauda·

400 2943 513 3016 tiones
540 2943 841 3039 scriptitaverunt3
869 2969 1019 3040 quorum
1045 2954 1127 3016 sunt
1152 2942 1251 3028 libri,
1278 2942 1405 3039 quibus
1427 2938 1504 3011 The·

400 3054 595 3140 mistooles,·
631 3053 823 3138 Aristides,
850 3054 1054 3149 Agesilaus,
1081 3053 1360 3151 Epaminondas,
1384 3049 1501 3142 Philip·

399 3247 693 3254 ——.-——.-.-...-.

433 3361 490 3408 340.
509 3360 631 3407 celeritas.
650 3360 706 3405 Non
721 3358 872 3406 admittenda
884 3363 936 3405 eret
960 3365 963 3407 1
986 3373 1034 3420 quo
1061 3373 1191 3420 perperam
1218 3359 1305 3408 ascivit
1324 3359 1438 3420 Kayscrua
1455 3357 1501 3402 lau·

400 3439 508 3487 Schutzii
525 3437 644 3487 correctio
657 3438 780 3484 bituritas.
818 3435 938 3483 cenaret
986 3437 1121 3499 datiuum.-
1143 3437 1250 3486 refertur
1264 3439 1313 3486 hoc
1327 3435 1501 3493 1111111543.

399 3531 455 3565 cum
473 3516 539 3565 dicto
552 3516 662 3579 iungitur
675 3529 773 3577 quoque
787 3519 799 3573 ξ
815 3517 872 3563 22⁰.
985 3517 1131 3573 Praeterea,
1159 3529 1235 3576 quum
1255 3516 1389 3565 sententiae
1406 3513 1502 3563 clausula

433 3611 494 3658 qaae
521 3597 590 3656 aequi
609 3598 721 3664 solerem.
762 3594 879 3641 Alienum
899 3598 937 3642 est
985 3594 1048 3642 iusta
1061 3595 1124 3643 haec
1137 3595 1182 3653 sit,
1198 3596 1278 3642 totam
1291 3596 1355 3643 tunc
1366 3593 1501 3656 1111191141

399 3675 424 3721 h.
447 3676 464 3721 l.
487 3673 664 3736 Imperfectum
679 3688 693 3721 e
707 3686 813 3734 persona
826 3673 935 3720 Antonii.
986 3675 1079 3730 111111,
1100 3674 1178 3721 otiosa
1191 3678 1217 3722 ct
1229 3674 1255 3721 in
1268 3674 1352 3735 primis
1364 3674 1501 3739 ineptarum

399 3753 595 3815 Corrigendum,
609 3753 715 3800 acham.-
731 3751 797 3799 conf.
807 3753 886 3809 5204,
898 3766 935 3812 sq.
984 3750 1059 3809 haec,
1081 3753 1149 3813 qaod
1158 3765 1200 3812 191
1213 3753 1286 3800 initio
1299 3767 1314 3799 a
1322 3751 1453 3813 praeceptis
1462 3761 1498 3794 uo·

432 3833 490 3878 341.
508 3845 552 3879 nec
563 3831 936 3892 iiludtertiam—aeyreqcbam
983 3829 1047 3876 atria
1065 3843 1228 3888 accreveram,
1250 3845 1313 3892 quae
1333 3830 1419 3892 probae
1436 3826 1498 3876 etiam

400 3912 485 3956 locum
500 3911 557 3957 Non
570 3909 688 3957 assentior
701 3908 810 3969 Kaysero
822 3907 935 3956 111111111-
985 3907 1110 3956 Latinitati
1135 3909 1310 3967 adversantur,
1337 3909 1442 3970 quoniam
1464 3918 1498 3950 re·

399 4002 455 4035 cum
476 3988 511 4035 sic
529 3987 698 4044 constituenti,
712 3990 740 4034 ut
753 3986 860 4047 primum
879 4000 935 4044 nec,
984 3999 1085 4033 cererem
1103 3988 1165 4048 qaid
1174 3991 1203 4035 ub
1214 3990 1297 4050 aliquo
1309 3993 1346 4037 est
1358 3986 1497 4048 distinguere,
1594 4006 1595 4011 =

398 4070 451 4113 tum
477 4066 515 4112 eei
533 4066 630 4129 difficile
651 4065 727 4126 quod,
747 4068 872 4127 postremo
892 4065 937 4111 aed
984 4064 1109 4113 diversum
1128 4061 1497 4133 11111111,11111,11ῖ11.1.χ11(11-

397 4143 545 4192 includeret.
563 4145 716 4205 Exposuerat
724 4143 845 4191 Antonius
852 4142 884 4189 de
891 4157 935 4205 ge·
983 4148 1038 4201 tur,
1059 4145 1205 4202 excludere,
1230 4160 1370 4209 segregare:
1390 4142 1420 4190 cf.
1438 4140 1496 4188 Orat.

397 4236 457 4271 nere
471 4222 593 4279 iudiciali,
609 4227 634 4270 et
648 4222 678 4270 de
692 4220 857 4270 suasionibus:
874 4221 938 4278 nec,
984 4226 996 4280 ξ
1019 4223 1062 4271 63:
1084 4223 1162 4280 addo,
1178 4225 1315 4285 praecepta
1327 4229 1497 4272 commemorare

397 4301 480 4359 addit,
495 4302 594 4349 difficile
609 4305 653 4359 est,
669 4314 817 4361 quamquem
830 4301 934 4349 fortasse
983 4301 1091 4361 potuisse
1117 4303 1270 4360 Antonium,
1297 4317 1346 4351 non
1363 4302 1417 4350 item
1430 4307 1495 4358 prae·

397 4379 934 4437 minusnecessarium,laudationeatractare
983 4382 1054 4440 cepta
1067 4381 1160 4427 1111411.

398 4465 423 4507 et
436 4457 573 4520 praeceptis
585 4457 731 4519 quibusdam
739 4458 869 4505 instruere.
885 4458 935 4506 Sed
1016 4459 1094 4522 mapia
1121 4459 1215 4523 rependi
1243 4460 1270 4506 et
1296 4455 1451 4508 debriationis
1466 4477 1494 4486 -

397 4536 461 4583 illud
481 4539 584 4585 tertiam
595 4551 672 4597 genua
686 4551 736 4585 non
748 4535 877 4599 indigebat
890 4551 933 4586 ex·
982 4551 1065 4586 cauea.
1099 4538 1155 4585 Non
1169 4537 1241 4600 capio
1253 4535 1424 4600 interpretandi
1432 4530 1492 4580 ratio·

397 4614 528 4674 plicatione
540 4615 688 4677 interpolata
700 4615 934 4679 laudationumtpro
983 4629 1040 4662 nem
1054 4629 1153 4673 eorum,
1168 4616 1255 4677 quiet,
1271 4621 1327 4666 ante
1335 4609 1491 4663 delectationis,
