3242 5500
441 583 555 636 runnu
581 584 784 634 sncnnnus.
813 567 830 647 t
857 566 939 635 220.
1185 565 1254 634 213

122 754 367 826 centumviros
399 763 520 826 contra
552 754 772 841 Scaevolam,
800 756 854 827 vel
877 764 998 828 eontra
1022 763 1255 828 accusatorem

122 862 300 950 Brutum,
327 887 438 961 quum
455 888 518 960 pro
536 864 602 936 Cn.
622 864 766 936 Plancio
783 865 938 938 dicaret?
965 866 1058 936 Nam
1076 865 1131 951 id,
1159 866 1254 960 quod

122 979 165 1044 tu
197 972 289 1044 mihi
321 973 467 1060 tribuis,
505 973 663 1060 Antoni,
703 974 828 1047 Crasso
853 982 905 1046 est
930 975 1089 1046 omnium
1113 983 1253 1047 senten·

122 1081 177 1154 tia
211 1083 487 1156 concedendurn.
541 1085 622 1155 Non
657 1083 751 1155 enim
788 1084 861 1156 fere
891 1085 1079 1180 quisquam
1103 1085 1253 1180 reperie-

124 1199 206 1276 tur,
232 1202 371 1288 praeter
394 1193 508 1278 huno,
535 1193 572 1264 in
597 1199 746 1288 utroque
770 1217 898 1289 genere
915 1193 1042 1289 leporis
1064 1193 1253 1279 excellens,
1346 1263 1354 1278 ,

124 1308 162 1372 et
196 1300 279 1387 illo,
314 1301 411 1398 quod
445 1302 482 1373 in
513 1303 747 1398 perpetuitate
772 1303 962 1388 sermonis,
989 1310 1024 1374 et
1048 1301 1133 1388 hoo,
1159 1303 1255 1399 quod

124 1410 164 1481 in
183 1410 362 1484 celeritate
378 1418 485 1506 atqua
501 1411 595 1484 dioto
613 1420 677 1484 est.
716 1412 810 1483 Nam
828 1412 912 1484 haec
929 1420 1099 1508 perpetua
1119 1407 1255 1508 [contra
1281 1430 1327 1476 221

126 1516 347 1616 Scaevolam]
384 1521 537 1592 Curiana
567 1521 724 1593 defensio
748 1529 824 1593 tota
847 1521 1056 1594 redundavit
1080 1520 1256 1595 hilaritate

126 1629 284 1725 quadam
319 1637 355 1701 et
385 1631 481 1715 ioco,
509 1630 603 1702 dicta
626 1630 688 1702 illa
710 1629 829 1702 brevia
851 1655 921 1702 non
944 1631 1079 1704 habuit.
1131 1632 1254 1704 Parce·

125 1738 192 1810 bat
226 1737 321 1810 enirn
353 1737 542 1810 adversarii
583 1739 769 1834 dignitati,
807 1741 845 1812 in
882 1764 953 1836 quo
986 1742 1062 1836 ipse
1099 1741 1256 1813 servabat

127 1871 251 1934 suam3
284 1847 381 1943 quod
410 1856 464 1920 est
485 1847 688 1920 hominibus
713 1849 834 1921 facetis
857 1857 892 1921 et
917 1849 1095 1923 dicacibus
1118 1850 1255 1923 difficil-

126 1958 277 2044 limum,
304 1956 432 2029 habere
448 1957 633 2031 hominurn
650 1959 820 2032 rationem
845 1968 880 2031 et
901 1967 1118 2056 temporum,
1145 1969 1178 2032 et
1195 1985 1255 2046 ea,

128 2091 223 2164 qnae
235 2075 435 2153 occurrant,
453 2091 565 2164 quum
578 2067 766 2140 salsissime
780 2068 849 2141 diei
861 2069 1015 2165 possint,
1034 2077 1164 2143 tenere.
1184 2070 1256 2142 Ita·

127 2201 203 2273 que
239 2176 403 2248 nonnulli
436 2177 578 2249 ridiculi
612 2176 773 2250 homines
802 2177 867 2250 hoc
887 2178 1005 2274 ipsum
1028 2201 1099 2250 non
1125 2179 1257 2252 insulse

127 2287 411 2382 interpretantur
441 2285 556 2358 dicere
588 2282 699 2381 [enim
727 2282 1049 2382 aiuntl'Ennium
1069 2290 1257 2385 stammam
1283 2313 1330 2360 111

128 2421 154 2469 a
190 2395 346 2490 sapiente
371 2391 522 2490 facilius
552 2419 609 2468 ore
628 2395 667 2468 io
688 2397 830 2470 ardente
851 2396 1017 2491 opprimi,
1043 2397 1258 2494 quambene

129 2504 235 2578 dioto
257 2492 500 2635 tencatffioec
526 2505 656 2606 seilicet
680 2505 774 2577 bona
799 2506 910 2592 diota,
939 2531 1028 2603 quae
1054 2507 1143 2579 salsa
1168 2507 1256 2594 sint;
1300 2525 1450 2683 s

128 2639 218 2688 narn
244 2639 285 2686 ea
308 2613 403 2686 dictu
425 2613 649 2711 appellantur
672 2615 813 2711 proprio
836 2615 906 2688 iam
931 2617 1122 2716 nominedp

182 2723 256 2797 Sed
286 2724 386 2797 utin
411 2723 574 2797 Scaevola
596 2725 770 2797 continuit
795 2750 835 2797 ea
859 2725 1025 2812 Crassus,
1053 2730 1159 2823 atipue
1185 2721 1255 2822 [in]
1285 2731 1330 2801 55

129 2836 196 2907 illo
228 2834 338 2906 altero
374 2858 521 2929 genere,
558 2834 595 2905 in
632 2859 702 2929 quo
726 2835 816 2907 nulli
836 2836 948 2908 aculei
970 2837 1261 2909 contumeliarum

128 2946 296 3028 inerant,
333 2967 474 3015 causam
509 2942 606 3014 illam
641 2944 989 3041 disputationemque
1023 2946 1124 3031 lusit,
1151 2945 1200 3017 sic
1224 2948 1261 3017 in

129 3056 269 3139 Bruto,
295 3077 402 3149 quem
423 3052 564 3138 oderat,
592 3060 628 3124 et
650 3077 755 3147 quem
774 3054 924 3149 dignum
941 3056 1154 3127 contumelia
1169 3054 1261 3127 iudi·

129 3164 258 3249 cabat,
284 3171 436 3257 utroque
459 3186 587 3257 genere
611 3164 794 3258 pugnavit.
849 3166 966 3239 Quam
991 3166 1103 3237 multa
1128 3164 1171 3237 de
1188 3163 1262 3236 bal·
1290 3184 1336 3230 111

130 3274 232 3359 neis,
260 3297 348 3368 quas
365 3296 479 3368 nuper
495 3272 556 3343 ille
573 3272 794 3358 vendiderat,
823 3275 1059 3369 quammulta
1077 3275 1120 3346 de
1137 3276 1265 3346 amisso

130 3382 349 3480 patrimonio
386 3376 531 3476 [dixitll
565 3390 672 3476 atque
694 3381 756 3453 illa
777 3380 915 3468 brevia,
942 3408 1054 3479 quum
1083 3384 1143 3455 ille
1170 3384 1263 3455 dice·

130 3681 258 3730 rationem
279 3682 377 3726 secutus
391 3681 428 3725 est
441 3677 587 3735 Pideritius,
601 3693 677 3739 quum
727 3684 823 3727 seretur
843 3678 911 3727 istius
926 3678 1075 3727 difficultatis
1088 3678 1266 3740 interpretatio.

131 3760 269 3815 dixissem,
289 3756 316 3804 in
335 3757 438 3818 vulgata
455 3756 613 3805 distinctione
627 3772 678 3805 non
761 3772 859 3804 cuasam
873 3757 942 3803 illam
955 3755 1071 3803 -11111,
1096 3757 1213 3805 Nondum
1228 3758 1266 3805 in-

132 3850 269 3900 apparere,
282 3834 343 3896 quid
355 3834 395 3883 isti
405 3834 519 3883 homines
526 3836 678 3895 interpreta-
726 3836 829 3897 telligo‚
845 3834 904 3896 quid
917 3834 948 3883 sit
962 3834 1047 3881 ludere
1060 3850 1167 3883 causam.
1186 3834 1267 3885 Probo

133 3916 238 3965 rentur.
252 3914 344 3963 Sensus
354 3917 401 3961 est:
416 3913 619 3975 interpretantur,
627 3917 678 3963 En·
728 3911 920 3961 Lambinianum
940 3913 1022 3961 elusit.
1058 3914 1107 3961 Sed
1120 3915 1210 3971 modo,
1226 3912 1268 3967 ubi

133 3995 207 4043 nium
221 3992 305 4041 dicere
319 3991 368 4039 hoc
384 3990 480 4053 ipsum,
495 4006 598 4053 nempe,
612 3993 680 4053 qnod
727 3992 819 4055 legitur
842 3992 893 4053 [iu]
916 3992 959 4038 1111
979 3993 1059 4039 altero
1074 4006 1178 4056 peram,
1193 3993 1267 4042 Prae·

134 4072 213 4121 modo
234 4071 326 4119 Caesar
346 4069 455 4128 dixerat,
477 4070 494 4118 i.
510 4084 533 4119 e.
546 4069 624 4132 verba
636 4071 680 4119 illa
728 4070 818 4131 positio
832 4070 968 4123 omittenda
982 4075 1047 4119 erat:
1063 4071 1096 4119 ita
1110 4086 1182 4129 mox,
1197 4072 1267 4119 atre·

135 4150 254 4201 Enniana
282 4149 348 4197 hanc
369 4149 497 4197 continere
518 4148 678 4200 sententiam:
730 4163 777 4211 que
787 4161 885 4212 penore.

133 4230 303 4290 maceditque
319 4227 450 4275 Pideritius
464 4228 528 4274 enim
541 4228 681 4276 111111111-
764 4228 821 4275 223.
840 4227 919 4274 marta
930 4254 962 4261 —
976 4226 1079 4293 [dicit]
1099 4230 1154 4275 Hoc
1165 4225 1269 4275 verbum

133 4314 212 4371 rupta
224 4322 280 4356 esse
294 4320 326 4355 ex
339 4306 462 4363 Ennium,
481 4306 548 4367 quod
559 4306 642 4367 ipsum
655 4306 681 4353 in
730 4305 819 4353 melius
842 4304 929 4353 aberit.
962 4308 1037 4363 Mox,
1067 4305 1147 4367 aptius
1171 4305 1217 4353 erit
1240 4304 1270 4351 ut

135 4390 211 4437 Voss.
234 4391 260 4435 et
280 4386 353 4433 Laid.
376 4384 475 4433 excidit.
509 4387 608 4433 Frustra
624 4386 681 4431 vnl-
732 4398 805 4448 qaam
822 4410 864 4431 -.

136 4471 222 4531 getam
234 4469 320 4514 tuetur
332 4463 485 4521 Ellendtius‚
500 4463 536 4511 sic
543 4464 681 4525 explicans:
767 4464 851 4510 Crassi
864 4464 1007 4511 orationem,
1021 4489 1056 4497 —
1069 4464 1138 4521 Quae
1146 4462 1242 4509 dunch.
1251 4462 1269 4509 l.

137 4545 269 4594 abominer
276 4543 449 4592 difficultatem
457 4541 681 4590 dictitarendinon
731 4549 968 4599 commemorantur,
983 4546 1040 4589 sunt
1054 4541 1084 4588 de
1099 4540 1196 4601 paucis,
1211 4554 1271 4601 quas

138 4624 249 4672 ninsulse
268 4619 496 4683 interpretantur,”
518 4620 585 4681 quasi
607 4634 681 4682 quae·
732 4620 849 4683 intelligit
866 4621 934 4669 Orat.
951 4622 962 4678 §
980 4621 1035 4667 132.
