3242 5500
362 531 423 576 VIII
897 550 939 562 —

401 690 504 754 Oratio
530 693 610 772 ipsa,
639 692 753 773 quain
778 691 870 752 huius
892 693 1001 772 dialogi
1025 690 1225 771 descriptione
1247 689 1343 749 utitur
1358 687 1480 765 Cicero,

361 797 452 874 digna
471 815 543 856 sane
561 803 606 858 est
621 816 672 874 eo,
692 815 785 876 penes
802 814 893 875 quem
911 801 997 857 extra
1011 795 1245 857 controversiam
1260 793 1292 852 in
1307 791 1403 852 literis
1423 792 1481 853 La-

359 900 431 960 tinis
448 901 632 980 principatus
651 907 696 962 est
714 901 829 980 copiae,
846 907 877 962 et
885 900 1066 980 elegantiae,
1076 905 1106 960 et
1112 897 1278 973 acuminiS,
1300 896 1428 975 qiiiqne,
1445 901 1481 956 ut

359 1004 423 1084 ipse
444 1005 602 1085 profitetur
627 1003 726 1086 (Offic.
747 1004 768 1064 Ι.
794 1003 810 1086 5
828 1004 878 1085 2),
894 1005 926 1064 in
943 1023 979 1065 eo
994 1005 1092 1064 studio
1109 1008 1241 1064 aetatem
1256 1006 1479 1062 consumserat:

359 1107 450 1188 (conf.
467 1109 506 1168 ad
521 1108 585 1169 Div.
602 1108 652 1169 IX.
663 1107 712 1170 18.
723 1109 766 1189 3).
786 1109 883 1187 Igitur
898 1108 1020 1170 Servius
1030 1107 1188 1187 Sulpicius,
1204 1106 1241 1167 de
1251 1105 1337 1166 cuius
1351 1105 1480 1165 mirilico

359 1213 472 1289 studio,
495 1214 575 1293 quod
590 1219 620 1274 et
635 1213 673 1274 ad
693 1214 867 1289 dicendum,
885 1219 916 1274 et
931 1213 970 1274 ad
988 1231 1094 1274 omnes
1107 1212 1257 1272 bonarum
1269 1209 1381 1270 artium
1391 1209 1480 1268 disci-

357 1318 455 1397 plinas
469 1317 640 1378 adhibuerit
648 1316 661 1396 ‚f
672 1318 837 1377 honorifice
853 1317 969 1397 scripsit
988 1318 1020 1377 in
1038 1317 1133 1377 Bruto
1149 1313 1254 1397 5151,
1271 1332 1365 1392 quum
1375 1313 1407 1371 in
1418 1312 1480 1393 epi-

358 1421 434 1482 stola
450 1422 489 1481 ad
508 1421 685 1483 Ciceronem
698 1428 894 1497 paupertatem
909 1423 1047 1482 motionis
1057 1423 1247 1495 excusasset,
1269 1418 1481 1496 eumquedioi-

356 1527 414 1586 tt'ea
439 1526 576 1586 orationis
594 1524 707 1586 hahere
722 1526 888 1604 posuisset,
908 1525 958 1586 hio
971 1526 1145 1604 respondet,
1166 1542 1235 1585 nme
1250 1541 1312 1583 non
1328 1540 1394 1584 esse
1411 1540 1478 1583 ver-

333 1637 337 1648 “
355 1629 483 1692 thorum
497 1630 659 1690 admodum
676 1630 797 1708 inopem
815 1648 959 1708 agnosco:
980 1633 1163 1708 εἰρωνεύεσθαι
1180 1627 1262 1689 enim
1278 1646 1340 1688 non
1355 1645 1480 1688 necesse

356 1735 447 1794 aestss’
478 1733 537 1794 Eas
554 1739 655 1794 autem
671 1733 792 1810 laudes,
813 1734 845 1792 in
865 1733 971 1813 primis
987 1732 1163 1794 elocutionis
1179 1733 1357 1793 emendatae
1375 1737 1406 1791 et
1420 1731 1478 1792 La-

354 1839 451 1914 tinae,
477 1838 557 1917 quod
581 1837 682 1898 Attico
707 1841 793 1897 solum
807 1844 836 1896 et
852 1839 934 1913 qenai
941 1840 1153 1913 fundamentum
1169 1838 1293 1897 oratorio
1313 1855 1378 1896 esse
1395 1835 1477 1896 vide-

353 1942 443 2003 batur
460 1941 557 2022 (Brut.
578 1940 594 2023 5
615 1941 702 2023 258),
719 1941 837 2002 ratione
855 1947 886 2002 et
902 1941 1028 2002 scientia
1044 1946 1222 2002 consecutus
1239 1946 1321 2002 erat:
1351 1940 1405 2000 sed
1420 1940 1478 2000 hoc

353 2047 452 2126 ipsum
477 2050 541 2106 tam
559 2045 722 2125 splendidis
740 2044 840 2106 verbis
857 2046 957 2106 etierri
973 2051 1004 2106 et
1021 2046 1187 2125 praedicari
1211 2063 1229 2105 a
1245 2044 1374 2106 Caesare
1392 2044 1476 2124 eqni-

287 2189 291 2195 ·
354 2151 423 2212 dem
444 2149 618 2210 maluissem
633 2149 665 2209 in
680 2149 770 2210 huius
787 2149 865 2209 libro
884 2149 921 2209 de
937 2149 1054 2210 ratione
1069 2149 1177 2209 Latine
1193 2148 1354 2228 loquendi,
1383 2149 1409 2208 si
1427 2168 1476 2209 su-

352 2260 469 2333 perstes
489 2259 583 2330 esset,
598 2253 717 2332 legere,
739 2272 832 2332 quam
848 2253 972 2314 excitari
987 2272 1005 2313 a
1024 2253 1168 2314 Cicerone
1184 2253 1216 2312 in
1234 2254 1303 2314 ficto
1322 2271 1475 2329 sermone,

352 2365 383 2421 et
408 2358 508 2419 Attico
526 2358 825 2419 commemorandum
842 2357 935 2418 tribui
952 2357 1050 2438 (Brut.
1070 2357 1086 2439 5
1105 2357 1188 2438 253).
1225 2357 1295 2418 Illas
1312 2362 1415 2418 autem
1430 2359 1476 2417 dt·

351 2464 438 2523 oitioe
455 2462 594 2522 orationis
611 2461 655 2522 sic
669 2462 914 2541 interpretandas
932 2480 998 2522 esse
1017 2462 1174 2539 existim0,
1200 2462 1276 2522 nihil
1294 2467 1329 2522 ut
1349 2461 1474 2540 cogitari

352 2568 383 2627 in
414 2584 566 2646 quoquam
597 2565 715 2626 dicendi
739 2571 919 2644 argumento
942 2567 1089 2645 potuerit,
1118 2566 1192 2645 quin
1220 2566 1285 2626 eius
1308 2565 1423 2626 Latinis
1444 2571 1474 2626 et

351 2671 428 2752 aptis
446 2669 545 2731 verbis
562 2669 739 2730 enuntiandi
754 2669 896 2730 facultate
911 2670 1038 2731 valuerit
1056 2670 1160 2732 Cicero
1165 2690 1173 2745 ;
1199 2689 1259 2750 qua
1273 2670 1384 2731 virtute
1402 2688 1474 2750 qna-

351 2795 410 2856 que
433 2774 565 2836 novitate
589 2774 707 2835 dicendi
731 2793 792 2835 non
817 2780 937 2836 tantum
961 2776 1113 2855 superavit
1133 2776 1291 2854 aequales,
1319 2776 1411 2836 itaut
1427 2776 1474 2835 his

353 2882 417 2961 ipse
433 2881 556 2940 demum
574 2883 678 2940 auctor
693 2885 772 2939 esset
789 2885 890 2941 castae
900 2885 931 2940 et
941 2881 1118 2941 emendatae
1129 2886 1159 2941 et
1168 2880 1305 2960 copiosae
1316 2880 1472 2957 orationis,

353 2985 407 3047 sed
423 2983 565 3060 eandem,
586 2983 638 3062 qui
653 2989 721 3063 post
738 2983 802 3044 eius
819 2989 951 3045 aetatem
968 2985 1127 3046 ediderunt
1141 2985 1318 3064 scriptores,
1338 2986 1391 3063 qtii
1408 2984 1473 3062 qui·

352 3091 423 3151 dem
447 3088 534 3149 nohis
553 3089 729 3167 superstites
745 3094 829 3165 sunt,
850 3122 891 3135 -
910 3089 1052 3168 quoniam
1070 3090 1250 3169 deperditis
1268 3088 1473 3149 monumentis

351 3195 508 3254 literarum
526 3192 658 3253 iudicare
674 3194 821 3254 nonlicet
837 3227 878 3239 -
898 3194 1027 3255 assecuti
1037 3194 1218 3255 nullomodo
1229 3199 1312 3270 sunt,
1331 3194 1394 3254 sive
1404 3213 1471 3254 eam

349 3297 581 3373 contemserint,
604 3297 666 3357 sive
685 3315 763 3375 quae
783 3303 815 3358 et
832 3298 929 3377 qualis
945 3305 1025 3360 esset
1040 3317 1102 3359 non
1121 3299 1282 3375 senserint,
1304 3299 1330 3358 si
1344 3300 1470 3359 fortasse

348 3423 416 3463 eam
441 3401 645 3463 intellexerint
670 3402 833 3462 consistere
858 3402 890 3462 in
908 3403 1109 3464 redundantia
1126 3402 1288 3465 verborum
1304 3403 1382 3462 etin
1397 3403 1469 3463 dila-

348 3507 439 3569 tanda
462 3506 606 3585 cuiusque
631 3506 799 3567 sententiae
823 3505 1021 3585 explicatione
1035 3508 1148 3588 potius,
1169 3526 1261 3587 quam
1278 3507 1400 3585 proprio
1418 3508 1468 3568 de·

346 3612 426 3672 lectu
442 3610 621 3687 verborum,
641 3615 671 3670 et
696 3615 766 3689 apta
780 3629 816 3672 ac
832 3611 912 3671 facili
928 3612 1156 3691 compositione,
1174 3618 1205 3672 et
1223 3612 1332 3672 decora
1348 3611 1468 3672 concin-

346 3716 441 3777 nitate
462 3714 613 3775 orationis.
990 3785 994 3793 φ

385 3819 445 3881 Sed
470 3819 503 3878 in
528 3819 586 3879 hoo
608 3818 706 3878 laudis
733 3835 845 3896 genere
869 3836 964 3896 quum
979 3836 1107 3895 regnare
1124 3818 1301 3880 Ciceronem
1317 3840 1408 3881 nemo
1424 3822 1467 3883 fa-

344 3924 400 3985 cile
414 3923 584 4002 negaverit,
603 3921 645 3983 ita
661 3927 709 3998 ut,
727 3941 786 4001 quo
804 3922 894 3981 modo
914 3922 1046 4001 quidque
1063 3922 1224 3985 dicendum
1243 3927 1467 4004 esset,egregie

344 4028 508 4104 invenerit,
529 4026 624 4103 iniis,
638 4045 716 4107 quae
732 4026 859 4087 dicenda
876 4032 990 4103 essent,
1001 4045 1062 4087 non
1079 4046 1199 4107 semper
1208 4029 1373 4090 servavisse
1389 4030 1465 4089 mihi

343 4133 462 4193 videtur
487 4130 518 4191 id
547 4130 627 4210 quod
649 4130 749 4207 decet,
770 4129 941 4209 offendique
959 4130 1059 4207 soleo,
1087 4133 1221 4192 maxime
1238 4133 1294 4192 hos
1311 4132 1405 4193 libros
1419 4133 1465 4194 De

344 4235 483 4312 Oratore,
504 4243 570 4297 tum
585 4234 715 4296 Brutum
733 4234 850 4312 legens,
871 4253 933 4293 non
952 4234 1128 4311 latentibus,
1149 4238 1203 4296 sed
1220 4237 1388 4297 manifestis
1398 4257 1466 4298 ves-

342 4342 424 4419 tigiis
450 4338 623 4401 ambitionis
649 4344 679 4399 et
704 4356 828 4417 prorsus
851 4338 971 4418 ineptae
998 4339 1153 4399 cuiusdam
1174 4341 1324 4401 vanitatis.
1365 4341 1466 4403 Minus

343 4445 476 4524 profecto
493 4444 521 4506 ei
538 4461 699 4507 succenseo
719 4442 875 4521 quum,ad
892 4442 1021 4503 Brutum
1029 4444 1163 4504 scribens
1175 4444 1205 4504 in
1217 4442 1344 4505 Oratore
1354 4444 1385 4527 (5
1395 4446 1465 4507 102.
