3242 5500
473 529 587 580 crenis
613 531 751 581 rnruns
778 514 796 594 §
822 512 880 582 68.
1189 512 1233 582 31

110 702 183 774 duo
204 702 265 774 ille
285 702 547 798 relinquemus,
573 702 679 798 idque
700 702 891 798 largiemur
909 702 1056 776 inertiae
1075 708 1236 776 nostroe:

111 810 258 884 tertium
286 836 389 898 vero,
427 811 523 907 quod
553 835 690 908 semper
720 813 866 885 oratoris
896 812 986 900 snit,
1012 811 1082 884 nisi
1100 810 1235 884 tenebi-

111 946 215 1008 mus,
251 920 342 994 nihil
372 921 523 1007 oratori,
560 921 598 993 in
619 945 689 1017 quo
712 945 864 1017 mugnus
882 947 957 995 esse
976 921 1106 1018 possit,
1132 921 1236 994 relin-

111 1055 273 1126 quemus.
327 1031 447 1108 Quare
478 1030 536 1104 hio
564 1031 661 1104 locus
680 1031 724 1104 de
744 1032 813 1104 vite
834 1040 868 1104 et
890 1030 1046 1109 moribus
1068 1038 1164 1103 totus
1185 1038 1238 1103 est
1280 1043 1309 1087 ⁶⁹

110 1140 241 1212 oratori
274 1139 545 1236 perdiscendus:
579 1147 713 1228 cetere,
753 1142 783 1216 si
815 1167 887 1214 non
910 1141 1093 1228 didicerit,
1118 1148 1238 1213 temen

109 1249 264 1346 poterit,
299 1250 329 1322 si
352 1251 493 1346 quando
513 1275 601 1346 opus
624 1253 713 1338 erit,
738 1275 862 1326 ornere
883 1251 1054 1339 dicendo,
1080 1249 1238 1324 simodo

109 1366 215 1432 erunt
238 1359 284 1430 od
303 1384 383 1434 eum
406 1360 522 1434 delata
541 1368 575 1433 et
596 1362 628 1432 ei
650 1361 790 1437 tradite,

158 1470 325 1556 Etenim,
360 1470 389 1542 si
419 1476 558 1543 constet
589 1469 682 1544 inter
717 1471 836 1543 doctos
872 1470 1051 1544 hominem
1071 1471 1236 1566 ignarum
1263 1475 1308 1545 16

107 1578 319 1674 astrologiae
363 1579 592 1654 ornatissimis
629 1587 735 1676 etque
772 1580 915 1676 optimis
954 1579 1113 1652 versibus
1149 1579 1237 1652 Are-

106 1697 186 1762 tum
207 1689 252 1762 de
272 1689 367 1762 coelo
389 1689 570 1787 stellisque
581 1689 731 1776 dixisse3
760 1690 789 1762 si
803 1688 962 1761 derebus
973 1689 1110 1762 rusticis
1123 1689 1235 1761 homi·

108 1824 192 1872 nem
224 1797 269 1872 eb
299 1823 384 1894 egro
413 1800 687 1874 remotissimum
722 1799 943 1872 Nicandrum
976 1798 1236 1894 Colophonium

113 1904 267 2005 [poetice
288 1909 440 2005 quedem
464 1909 643 1996 faoidtete,
670 1933 741 1982 non
762 1904 909 2005 rustice]
935 1909 1113 2004 scripsisse
1136 1932 1235 2004 pree·

108 2018 202 2091 clere
213 2052 222 2106 ;
250 2018 336 2115 quid
357 2026 430 2106 est,
456 2043 517 2092 eiu
537 2043 608 2093 non
629 2026 742 2092 orator
765 2018 809 2092 de
830 2019 935 2092 rebus
954 2018 999 2091 iis
1021 2018 1235 2113 eloquentis-

109 2127 199 2200 sime
229 2128 342 2215 dioet,
377 2153 464 2224 ques
495 2128 540 2203 ed
560 2135 690 2202 certam
713 2153 854 2201 censam
874 2136 1087 2224 tempusque
1106 2152 1233 2223 cogno-

108 2238 187 2310 rit?
212 2237 276 2310 Est
301 2237 396 2310 enim
417 2238 591 2314 finitimus
612 2238 740 2312 oratori
761 2246 886 2334 poete,
912 2238 1068 2310 numeris
1089 2237 1234 2310 adstrio·
1277 2251 1308 2301 ⁷⁰

106 2347 176 2418 tior
209 2347 336 2442 paulo,
374 2347 559 2421 verborum
592 2355 710 2420 eutem
746 2348 889 2420 licentia
919 2345 1083 2434 liberior,
1110 2346 1236 2423 „multis

108 2481 191 2528 vero
210 2457 360 2530 ornandi
376 2457 565 2553 generibus
589 2458 703 2531 socius
724 2481 764 2530 ec
784 2481 896 2553 paene
915 2482 1000 2553 per,
1026 2456 1064 2528 in
1077 2455 1142 2528 hoc
1156 2456 1234 2552 qui-

108 2566 191 2649 dem
213 2573 306 2638 certe
325 2591 434 2663 prope
455 2567 572 2654 idem,
599 2567 706 2640 nullis
726 2574 765 2640 ut
795 2567 955 2640 terminis
976 2565 1236 2639 circumscribet

107 2683 214 2773 etque
246 2674 390 2751 definiet
423 2677 477 2751 ius
510 2701 636 2765 suum,
673 2701 743 2775 quo
770 2677 888 2750 minus
920 2677 952 2749 ei
982 2677 1084 2749 liceat
1112 2675 1235 2748 eedem

108 3068 167 3114 pree
185 3054 264 3101 eltere
276 3052 383 3103 lectione
396 3055 470 3115 alque
484 3054 500 3100 l.
508 3086 515 3111 ,
530 3051 646 3113 quoniam
733 3052 830 3113 [poetic
847 3052 968 3113 aquodam
976 3051 1116 3111 facultate,
1130 3066 1177 3099 noa
1190 3065 1234 3100 ra·

109 3129 342 3191 lerpieadiverbum
354 3132 479 3193 postulare
491 3130 590 3179 videtur
601 3130 645 3179 ob-
696 3130 782 3191 etica].
818 3130 895 3179 Nullo
914 3130 989 3178 modo
1009 3130 1036 3177 in
1054 3129 1235 3179 hisserendum

107 3209 216 3268 ieonum,
243 3224 323 3271 neque
344 3209 392 3259 hoc
411 3209 601 3273 intelligendum
621 3210 647 3257 in
697 3214 734 3257 est
758 3213 786 3257 ut
808 3208 905 3256 dicatm
924 3210 1020 3257 natica
1034 3208 1166 3268 facultas,
1189 3224 1235 3271 pro

108 3288 202 3336 daobea
220 3289 286 3348 illle,
306 3288 389 3337 sedin
403 3302 447 3347 eo,
463 3288 529 3349 quod
542 3288 587 3335 illa
600 3289 648 3336 dae
696 3301 781 3335 eccam
787 3288 1059 3345 mlicaramscieatia,
1072 3287 1235 3351 (sicutneqne

106 3368 294 3429 relinquantur.
696 3366 817 3414 militarie
821 3399 828 3424 ,
841 3380 922 3425 neque
934 3365 1235 3430 arbanasamaltaer)tum

143 3447 185 3493 69.
204 3445 238 3492 ad
250 3460 304 3493 cam
312 3445 647 3493 erantdelataetetlradita.
696 3459 728 3493 ne
743 3446 844 3504 poetica
863 3444 962 3505 quidem
978 3442 1095 3503 facultas
1106 3443 1171 3492 bene
1185 3446 1234 3492 La

107 3527 166 3573 Non
183 3524 303 3575 mentior
316 3525 429 3582 Ernesto,
443 3528 596 3585 postremum
602 3537 648 3585 pro
695 3524 775 3571 tinum
796 3527 847 3580 est,
862 3522 903 3586 (nt
915 3536 996 3583 neque
1009 3523 1142 3579 historica,
1153 3536 1235 3583 neque

107 3604 257 3667 glossemate
275 3600 387 3652 habenti:
408 3602 476 3651 eliud
489 3606 526 3651 est
537 3616 591 3653 rem
599 3636 606 3660 ,
621 3606 649 3649 ut
696 3601 858 3661 imperatoria
871 3599 1002 3661 facultas)
1023 3600 1235 3662 quoniamsacal·

107 3696 225 3740 causam,
252 3679 354 3739 deferre
379 3681 412 3729 od
437 3681 559 3742 aliquem,
580 3680 648 3729 eliud
697 3682 737 3727 las
756 3678 895 3727 necessario
913 3679 955 3727 vel
973 3677 1077 3727 subiecti
1094 3678 1236 3729 Genitivum

107 3759 223 3819 tradere,
236 3759 255 3807 i.
270 3774 292 3807 e.
304 3759 427 3821 explicare
441 3764 466 3807 et
479 3760 577 3809 docere.
595 3761 647 3807 Nec
696 3759 737 3822 (ut
760 3758 870 3806 oratorie
881 3757 1012 3817 facultas,
1032 3756 1113 3817 inira,
1131 3762 1144 3817 §
1161 3757 1235 3822 142),

105 3842 192 3887 tamen
204 3836 315 3887 reticebo
328 3840 464 3907 clausulam
475 3839 646 3887 henesenten-
695 3838 736 3885 vel
756 3834 847 3885 obiecti
867 3835 908 3900 (ut
919 3851 1019 3895 reram,
1033 3842 1058 3885 et
1071 3837 1182 3885 discendi
1195 3841 1235 3896 et,

105 3918 155 3966 tiae
168 3916 231 3965 mihi
244 3917 383 3978 displicere.
695 3914 758 3963 sicut
770 3928 843 3972 mox,
857 3919 870 3973 ξ
885 3914 930 3973 to,
944 3918 1071 3964 verboram
1082 3918 1235 3974 eternaadi,

140 3994 452 4043 Aeetam—Nicandrum
466 3994 645 4054 Colophonium.
695 3998 721 4043 et
741 3997 753 4051 5
774 3993 805 4043 le
818 3994 990 4042 clareamus
1004 3992 1137 4057 orationis)
1149 3999 1234 4056 postu·

107 4078 177 4125 Haec
190 4074 293 4123 nomine
305 4074 332 4121 in
346 4088 403 4121 eum
423 4075 506 4122 locum
523 4073 647 4122 inculcata
695 4074 738 4121 lat.
780 4065 873 4120 Miruin
899 4077 1028 4134 praeterea
1055 4074 1121 4133 quod
1136 4074 1237 4133 poetica

106 4160 178 4212 sunt,
198 4159 228 4201 ut
246 4152 290 4200 vix
308 4166 323 4199 s
343 4152 481 4215 suspicione
491 4151 586 4208 alienus
601 4152 646 4199 eim
696 4164 836 4200 aucensis
856 4151 973 4212 facultas
992 4152 1151 4212 appellatur,
1169 4151 1237 4212 quod

107 4247 136 4280 ee
154 4230 296 4291 annotetcri
316 4229 412 4279 deberi:
434 4231 482 4279 alio
503 4235 569 4279 certe
591 4231 646 4279 loeo
696 4231 837 4278 Pronomen
851 4227 882 4277 ab
896 4229 1234 4289 utroquenominealienissi·

106 4310 228 4360 eiusmodi
245 4310 348 4359 nomina
359 4314 486 4371 ponuntur
500 4324 575 4371 supro
588 4313 600 4367 5
614 4310 646 4357 49
695 4322 763 4357 mum
783 4312 828 4357 est.
863 4308 1019 4366 Totumhoc
1035 4308 1163 4357 insititiam
1181 4321 1234 4356 esse

106 4396 131 4439 et
143 4393 183 4440 62.
219 4390 334 4437 Fortasse
347 4389 423 4437 malet
435 4388 488 4449 quis
501 4388 527 4435 in
534 4388 646 4435 ordinem
696 4387 830 4437 contendo.

105 4483 212 4533 cogere,
230 4472 260 4516 ut
279 4467 379 4531 singula
398 4471 456 4516 ante
469 4468 587 4515 homiaem
600 4481 645 4529 po·
731 4467 770 4517 to.
789 4469 864 4527 atque
882 4466 994 4529 diffiniat.
1030 4464 1130 4526 Suscepi
1144 4479 1158 4513 e
1171 4464 1233 4513 Vin·

105 4553 205 4597 nentur.
696 4544 753 4593 dob.
768 4547 867 4607 Vulgo,
881 4547 926 4592 aat
939 4544 1051 4605 definiat.
