3242 5500
442 579 552 631 aranu
580 580 768 629 suevunus
796 566 813 643 ἓ
841 562 897 631 la.
1160 562 1227 631 125

114 750 146 822 in
168 750 320 846 porticu,
355 760 498 846 repente
528 776 569 823 eo
593 753 638 827 Q.
669 752 816 823 Catulus
840 778 946 824 senex
965 779 1045 825 eum
1069 754 1109 825 C.
1137 753 1229 825 Iulio

113 860 211 931 fratre
223 860 337 932 venit:
356 860 450 955 quod
463 859 525 932 ubi
538 861 688 946 audivit,
702 869 896 933 commotus
910 862 1057 935 Crassus
1069 863 1227 947 surrexit,

114 994 298 1065 omnesque
311 970 472 1044 admirati
485 970 651 1042 maiorem
675 971 829 1066 aliquam
851 996 926 1043 esse
945 996 1086 1043 oausam
1109 996 1229 1043 eorum

114 1078 277 1150 adventus
298 1080 464 1176 suspicati
482 1088 575 1153 sunt.
604 1080 678 1156 Qui
702 1105 812 1176 quum
829 1080 922 1153 inter
935 1106 991 1167 se,
1018 1082 1226 1177 utipsorum
1252 1104 1282 1149 rs

114 1212 192 1258 usus
214 1188 366 1274 ferebat,
393 1189 602 1261 amicissime
624 1190 922 1276 consalutassent,
950 1190 1048 1266 Quid
1067 1215 1127 1261 vos
1148 1198 1226 1261 tan·

115 1296 221 1369 demi·
238 1297 406 1383 Crassus,
424 1298 714 1392 numquidnam,
733 1300 869 1393 inquit,
888 1300 990 1371 novi?
1012 1299 1112 1371 Nihil
1126 1323 1230 1382 sane,
1491 1321 1521 1391 ,y

115 1406 224 1501 inquit
242 1407 409 1479 Catulus:
435 1408 565 1509 etenim
585 1408 681 1480 vides
700 1432 774 1479 esse
791 1408 912 1511 ludos:
935 1408 1014 1494 sed,
1035 1409 1089 1480 vel
1105 1416 1147 1479 tu
1166 1431 1229 1478 nos
1296 1357 1487 1471 &mh

115 1514 244 1612 ineptos
268 1517 367 1602 licet,
386 1517 522 1612 inquit,
540 1516 594 1587 vel
607 1518 769 1589 molestos
783 1525 908 1612 putee,
931 1542 1042 1613 quum
1055 1518 1100 1590 ad
1122 1542 1179 1588 me
1191 1518 1226 1588 in

115 1625 367 1713 Tusculanum,
390 1627 528 1721 inquit,
547 1626 621 1698 heri
641 1627 775 1723 vesperi
793 1626 944 1699 venisset
962 1627 1090 1699 Caesar
1102 1626 1227 1699 deTu·

116 1735 249 1807 sculano
273 1759 352 1821 suc,
379 1735 470 1807 dixit
485 1736 573 1807 mihi
597 1760 617 1807 a
639 1761 675 1807 se
692 1735 890 1807 Scaevolam
903 1736 985 1807 hinc
998 1744 1140 1808 euntem
1153 1760 1228 1807 esse

115 1851 337 1931 conventum,
364 1868 406 1917 ex
428 1870 499 1940 quo
522 1845 610 1916 mira
630 1844 803 1940 quaedam
822 1869 858 1916 se
879 1845 1019 1917 audisse
1034 1840 1227 1940 [dicebat],

114 1962 164 2039 te,
188 1978 296 2049 quem
320 1978 385 2051 ego
409 1955 514 2027 toties
533 1955 630 2027 omni
653 1955 787 2025 ratione
812 1962 953 2026 tentans
977 1954 1022 2026 ad
1043 1955 1226 2049 disputan·

115 2062 192 2133 dum
216 2064 341 2135 elicere
365 2088 436 2136 non
454 2064 668 2160 potuissem,
695 2064 870 2159 permulta
880 2064 924 2135 de
937 2063 1137 2159 eloquentia
1148 2089 1228 2135 oum

114 2172 261 2246 Antonio
296 2172 520 2259 disseruisse,
557 2181 591 2244 et
626 2179 806 2269 tamquam
829 2174 865 2243 in
891 2170 1027 2258 schola,
1054 2196 1162 2267 prope
1183 2173 1226 2244 ad

115 2282 321 2355 Graecorum
352 2281 664 2368 consuetudinem,
699 2282 909 2377 disputasse.
961 2280 1018 2352 Ita
1041 2305 1098 2351 me
1122 2280 1228 2354 irater
1253 2304 1283 2348 rs

115 2392 282 2478 exoravit,
310 2415 355 2463 ne
379 2391 495 2485 ipsum
518 2391 661 2487 quidem
683 2416 703 2463 a
725 2390 840 2463 studio
862 2389 1029 2462 audiendi
1041 2390 1147 2463 nimis
1165 2390 1225 2463 ab·

114 2499 328 2587 horrentem,
368 2500 428 2572 sed
457 2500 656 2573 mehercule
680 2509 875 2585 verentem,
897 2524 941 2571 ne
966 2499 1105 2571 molesti
1128 2500 1228 2573 vobis

113 2610 415 2696 interveniremus,
442 2616 482 2681 ut
500 2608 569 2681 huo
586 2633 704 2681 secum
721 2610 891 2681 venirem:
916 2608 1114 2680 Scaevolam
1132 2610 1227 2682 enim

112 2720 155 2794 ita
171 2720 285 2794 dicere
308 2713 476 2816 [aiebat],
494 2717 624 2792 bonam
641 2726 777 2817 partem
790 2718 959 2792 sermonis
977 2718 1013 2791 in
1026 2717 1121 2791 hunc
1133 2720 1226 2792 diem

113 2854 180 2902 esse
192 2831 347 2902 dilatam.
376 2827 454 2900 Hoc
473 2836 514 2902 tu
531 2830 561 2901 si
578 2829 741 2925 cupidius
766 2829 898 2901 factum
915 2828 1112 2915 existimas,
1140 2830 1226 2901 Cae-

113 2941 173 3012 sari
194 2939 376 3026 attribues3
395 2938 425 3010 si
448 2939 671 3025 familiarius,
695 2939 838 3034 utrique
864 2945 1042 3010 nostrum:
1066 2961 1131 3009 nos
1148 2939 1226 3034 qui·

112 3048 200 3136 dem,
228 3035 316 3145 [nisi
338 3048 426 3121 forte
445 3047 581 3120 molesti
599 3042 886 3142 intervenimus]
911 3048 1047 3118 venisse
1064 3046 1225 3120 delectat.
1252 3092 1276 3158 4

154 3158 242 3231 Tum
263 3157 434 3242 Crassus,
459 3156 653 3253 Equidem,
681 3181 922 3254 quaecumque
946 3182 1005 3229 vos
1030 3182 1135 3230 causa
1158 3156 1228 3230 huc
1254 3183 1283 3226 rs

111 3424 196 3482 aiebat,
210 3424 279 3485 quod
293 3422 319 3471 in
330 3433 449 3486 responso
461 3428 557 3472 tantum
569 3437 640 3472 usur·
690 3437 734 3484 per
760 3436 816 3471 eam
842 3422 958 3483 occupari
981 3427 1080 3484 oportet
1098 3423 1139 3482 id,
1161 3423 1228 3483 quod

111 3506 184 3562 patur.
466 3550 471 3568 ι
689 3501 771 3550 statim
784 3505 841 3562 post
853 3501 961 3548 additur.
991 3501 1102 3548 Varietas
1115 3500 1228 3548 lectionis

142 3582 199 3642 [nisi
220 3581 298 3640 sorte
324 3579 419 3628 mebsti
442 3579 640 3641 intervenimus}
689 3579 742 3628 fere
762 3581 832 3626 nulla
852 3584 903 3637 est,
925 3580 975 3626 alia
994 3581 1061 3635 ulla,
1082 3593 1114 3626 an
1134 3580 1226 3640 aliqua.

112 3657 168 3706 Sunt
179 3671 237 3707 sane
251 3659 316 3706 haee
329 3657 382 3719 ipsa
395 3659 500 3706 molesta
513 3661 569 3720 post
582 3657 640 3714 illa,
690 3657 827 3707 offensioni
848 3660 885 3704 est
904 3654 1009 3705 verbum
1026 3657 1145 3720 eoatiqit,
1164 3671 1225 3718 quo·

112 3749 138 3784 ce
148 3738 239 3785 molesti
245 3738 312 3786 nobis
318 3736 530 3785 interveniremus.
547 3737 641 3784 Iustam
690 3736 756 3784 niam
769 3735 819 3782 hoe
831 3734 920 3783 dieitur
933 3734 959 3782 in
972 3734 1014 3794 iis,
1030 3749 1093 3796 quae
1106 3735 1226 3784 extrinse-

112 3811 248 3864 brevitatem
265 3812 413 3862 habebimus
426 3815 452 3862 in
466 3815 517 3873 his,
532 3815 641 3876 corqui-
691 3828 733 3862 cus
746 3813 877 3869 accidunt,
893 3817 1005 3871 utmox,
1020 3817 1033 3871 ξ
1050 3815 1089 3862 16.
1116 3813 1142 3862 Si
1154 3828 1226 3876 prae-

112 3891 160 3940 den
171 3895 261 3941 amisse
273 3894 389 3940 delectat.
689 3897 757 3941 terea
770 3891 919 3940 attendimus
931 3905 1050 3952 sequens,
1065 3893 1107 3953 qui
1118 3893 1176 3940 dum
1187 3895 1227 3940 ob·

142 3972 179 4019 15.
199 3973 291 4034 [mcyis
304 3971 364 4019 adeo
375 3997 409 4007 -
423 3970 548 4034 coctipii}
567 3971 641 4018 Lam·
690 3984 778 4032 sequor
790 3997 840 4029 -,
853 3969 934 4018 minus
946 3974 1015 4018 reete
1031 3968 1188 4028 subiiciillis,
1202 3972 1231 4019 id

112 4045 189 4098 binum
207 4047 351 4098 offendebat
365 4049 516 4110 asyndeton,
531 4048 573 4109 qui
587 4063 642 4096 cor·
691 4049 810 4112 coctipit,
831 4049 876 4096 sed
896 4047 1019 4111 aptissime
1039 4047 1117 4097 verbo
1125 4049 1227 4108 placui,

111 4126 207 4190 rigebat,
219 4129 360 4192 mapisque:
370 4127 421 4183 sed,
430 4127 583 4190 hisadieetis,
592 4141 642 4174 non
690 4126 789 4184 licebit,
803 4140 889 4188 spero,
903 4126 1031 4188 suspicari,
1042 4131 1121 4175 totum
1127 4127 1190 4175 illud
1197 4126 1229 4174 ab

112 4205 214 4254 firmatur
227 4207 266 4264 id,
283 4205 437 4267 quodmodo
452 4205 559 4263 dixerat,
574 4203 643 4254 cuius
691 4205 740 4252 alio
753 4205 926 4266 interpositum
939 4219 1007 4263 esse,
1026 4210 1052 4252 et
1065 4205 1123 4253 hine
1136 4207 1228 4254 tollen-

111 4285 185 4343 potius
205 4283 339 4346 explicatio
359 4282 555 4345 exspectabatur.
596 4285 642 4330 Er·
692 4282 760 4330 dum.
782 4282 919 4341 Antonius,
940 4283 962 4330 1.
984 4284 1073 4341 5208,
1090 4288 1230 4345 opportune

112 4367 188 4411 nesius
205 4364 249 4412 illa
272 4360 351 4410 verba
373 4361 516 4424 parenthesi
532 4361 643 4419 includi,
692 4375 761 4410 suam
769 4361 925 4420 facilitatem
938 4365 1106 4409 excusaverat.

111 4437 187 4502 itaque
217 4440 354 4490 verborum
384 4439 536 4501 reliquorum
563 4438 644 4488 ordini
726 4441 756 4486 ct
772 4439 828 4501 [iis]
844 4438 969 4486 derebus.
994 4439 1172 4501 Intempestive
1186 4439 1231 4486 de·

111 4518 212 4568 eximere
223 4517 338 4568 volebat:
353 4519 396 4568 sed
404 4533 472 4567 suam
480 4531 578 4580 quoque
585 4533 642 4581 par·
693 4517 812 4581 signatio,
825 4532 871 4579 per
885 4519 960 4566 Pron.
973 4518 1020 4574 iis,
1035 4515 1172 4588 abiicienda
1185 4522 1229 4568 est.

113 4596 214 4646 ecthesis
227 4597 350 4646 rationem
365 4594 550 4654 habersdebet,
563 4609 644 4658 neque
695 4596 796 4660 Crassus
814 4595 839 4643 in
853 4608 945 4659 genere
957 4594 1075 4655 loquitur.
