3242 5500
361 574 427 641 125
691 594 801 642 rrnun
829 594 1021 642 srcr'snns
1047 578 1065 656 ς
1091 578 1149 645 20.

356 790 478 837 omnes
502 766 526 836 ii
552 790 692 849 sumus,
720 778 759 837 ut
784 766 861 837 sine
882 766 937 837 his
965 768 1093 839 studiis
1114 769 1220 841 vitam
1244 770 1381 840 nullam
1405 794 1484 840 esse

300 912 330 957 21
357 876 552 947 ducamus?
586 876 715 947 Omnia
745 877 832 961 ista,
857 876 974 971 inquit
999 877 1168 963 Crassus,
1194 904 1262 974 ego
1285 880 1356 950 alio
1378 880 1484 950 modo

357 986 587 1081 interpretor,
612 987 674 1080 qui
699 986 854 1081 primum
882 986 1111 1081 palaestram,
1136 997 1172 1059 et
1197 989 1319 1075 sedes,
1345 997 1381 1059 et
1401 1012 1483 1083 por·

356 1096 447 1167 ticus
482 1094 585 1167 etiam
620 1096 736 1191 ipsos,
780 1094 927 1179 Catule,
968 1096 1121 1168 Graecos
1155 1097 1416 1169 exercitationis
1449 1105 1484 1166 et

357 1204 600 1277 delectationis
621 1228 744 1290 causa,
771 1228 843 1275 non
865 1204 1117 1300 disputationis
1129 1207 1307 1278 invenisse
1318 1205 1481 1277 arbitror.

361 1315 452 1385 Nam
471 1320 505 1386 et
515 1314 661 1385 saeculis
674 1314 796 1385 multis
807 1322 889 1385 ante
900 1315 1083 1409 gymnasia
1094 1316 1236 1388 inventa
1245 1324 1351 1400 sunt,
1376 1338 1486 1411 qnam

360 1425 397 1496 in
422 1424 466 1495 iis
489 1422 688 1519 philosophi
709 1424 843 1519 garrire
854 1433 1065 1519 ooepernnt;
1091 1434 1127 1496 et
1139 1424 1205 1496 boc
1216 1426 1295 1521 ipso
1305 1434 1485 1519 tempore,

360 1556 471 1629 quum
492 1533 611 1604 omnia
628 1534 813 1627 gymnasia
824 1531 1026 1628 philosophi
1034 1541 1200 1619 teneant,
1226 1544 1345 1606 tamen
1362 1558 1486 1604 eorum

305 1720 308 1725 ,
360 1642 535 1735 auditores
567 1642 704 1713 discum
733 1642 856 1713 audire
883 1636 1006 1737 [quam
1028 1639 1295 1739 philosophum]
1321 1642 1486 1726 malunt,

361 1753 424 1847 qui
456 1750 562 1822 simul
589 1756 630 1821 ut
653 1751 849 1847 increpuit,
875 1751 912 1823 in
933 1750 1050 1822 media
1073 1753 1228 1823 oratione
1253 1753 1298 1824 de
1321 1751 1487 1824 maximis

361 1861 466 1933 rebus
502 1868 537 1931 et
570 1860 784 1954 gravissimis
814 1858 1056 1955 disputantem
1084 1858 1335 1957 philosophum
1358 1884 1486 1932 omnes

362 1968 539 2042 unctionis
563 1992 666 2040 causa
682 1969 904 2063 relinquunt:
926 1970 976 2040 ita
987 1968 1203 2041 levissimam
1215 1969 1487 2042 delectationem

305 2107 337 2152 aa
362 2077 605 2176 gravissimae,
631 2086 671 2150 ut
692 2078 761 2173 ipsi
785 2078 923 2164 ferunt,
948 2078 1093 2150 utilitati
1116 2087 1351 2174 anteponunt.
1405 2078 1486 2150 Oti-

363 2213 424 2262 um
446 2195 563 2261 autem
584 2186 681 2281 quod
703 2187 791 2259 diois
816 2212 911 2273 esse,
931 2188 1116 2260 assentior:
1137 2212 1260 2259 verum
1271 2189 1337 2260 otii
1349 2188 1487 2260 fructus

251 2298 259 2319 ⁸
363 2309 433 2385 est,
455 2321 527 2368 non
549 2296 727 2369 contentio
750 2297 880 2383 animi,
906 2296 966 2368 sed
991 2295 1169 2369 relaxatio.

315 2416 338 2485 6
413 2407 523 2503 Saepe
545 2430 588 2477 ex
613 2428 730 2477 socero
761 2429 839 2477 meo
853 2405 997 2497 audivi,
1024 2431 1135 2503 quum
1159 2406 1190 2478 is
1211 2406 1364 2492 diceret,
1390 2430 1487 2477 soce·

364 2541 443 2589 rum
476 2538 579 2587 suum
598 2513 768 2585 'Iaelium
790 2538 929 2610 semper
952 2515 1023 2587 fere
1046 2540 1128 2587 cum
1154 2516 1318 2610 Scipione
1342 2515 1489 2587 solitum

363 2624 543 2710 rusticari,
570 2647 699 2719 eosque
722 2622 977 2696 incredibiliter
997 2648 1239 2721 repuerascere
1255 2648 1332 2696 esse
1349 2626 1488 2709 solitos,

365 2759 476 2834 quum
501 2728 593 2831 [rus]
621 2757 664 2806 ex
687 2731 787 2819 urbe,
813 2741 995 2830 tamquam
1016 2760 1036 2806 e
1054 2732 1216 2820 vinculis,
1242 2734 1488 2807 evolavissent.

365 2847 447 2918 Non
480 2845 593 2917 audeo
612 2844 727 2917 dicere
750 2843 794 2914 de
815 2843 947 2915 talibus
967 2844 1069 2929 viris,
1096 2844 1158 2916 sed
1182 2853 1300 2915 tamen
1324 2845 1375 2916 ita
1397 2845 1491 2916 solet

365 2979 504 3027 narrare
550 2953 731 3038 Scaevola,
765 2951 915 3024 conchas
951 2977 1010 3024 eos
1044 2961 1079 3024 et
1115 2952 1301 3025 umbilicos
1334 2953 1382 3025 ad
1417 2953 1489 3024 Ca·

365 3065 472 3136 ictam
497 3070 532 3135 et
556 3062 601 3133 ad
624 3061 842 3133 Laurentum
867 3062 983 3157 legere
1005 3086 1211 3148 consuesse,
1233 3071 1267 3134 et
1282 3063 1328 3135 ad
1344 3086 1490 3134 omnem

310 3201 341 3248 aa
366 3174 475 3246 animi
496 3172 736 3244 remissionem
758 3171 953 3267 ludumque
977 3171 1197 3244 descendere.
1235 3172 1292 3244 Sic
1316 3173 1412 3243 enim
1430 3197 1492 3244 res

367 3307 441 3356 sese
460 3280 583 3368 habet,
613 3275 686 3376 [ut]
702 3280 998 3376 quemadmodum
1010 3281 1167 3385 volucres
1179 3280 1340 3353 videmus
1351 3306 1493 3377 procre-

366 3391 494 3465 ationis
515 3398 622 3486 atque
644 3389 808 3466 utilitatis
830 3414 913 3461 suae
933 3413 1037 3461 causa
1058 3390 1192 3484 tingere
1215 3398 1251 3461 et
1272 3391 1493 3474 constituere

368 3502 490 3588 nidos,
517 3499 657 3573 easdem
678 3505 816 3584 autem,
843 3522 954 3592 quum
975 3498 1111 3594 aliquid
1121 3498 1319 3603 Qint,
1346 3499 1493 3572 levandi

368 3744 662 3756 .-..-.-----

401 3919 443 3965 21.
467 3916 560 3966 dacum
585 3915 673 3965 audire
695 3918 780 3979 [qaam
795 3919 904 3978 pbiloso-
987 3919 1028 3966 23.
1045 3918 1082 3966 ric
1106 3918 1171 3964 enim
1195 3929 1236 3963 rea
1253 3929 1306 3963 aeae
1325 3915 1411 3974 nane,
1434 3917 1495 3979 [at]

364 3995 454 4058 plnum]
469 3998 573 4043 molunt.
591 3998 660 4054 Quae
671 3996 782 4044 tollenda
787 3995 905 4052 indicavi,
954 3995 1153 4057 quermdmodam
1165 4021 1208 4040 --.
1225 3992 1352 4042 Praemitti
1364 4007 1439 4055 saepe
1449 4009 1496 4043 ao·

368 4074 597 4137 primum‚prorsus
605 4073 700 4122 inutilia
707 4078 773 4132 sunt,
788 4073 905 4136 qnoniam
952 4074 989 4122 let
1000 4073 1044 4146 illa
1056 4072 1164 4121 formula
1176 4071 1302 4129 absolute,
1316 4070 1380 4120 sicut
1390 4072 1497 4121 Senect.

367 4152 494 4215 praecedit
506 4165 589 4201 eorum
602 4152 744 4208 auditorem·
757 4157 824 4210 tum,
838 4151 906 4212 quod
955 4156 967 4210 5
989 4153 1030 4200 65.
1051 4153 1094 4200 fin.
1115 4153 1188 4200 Tusc.
1209 4151 1241 4198 V.
1259 4155 1272 4209 ξ
1290 4151 1334 4199 63:
1349 4150 1497 4211 diversique

368 4245 473 4292 sequens
491 4231 648 4289 Relativum‚
673 4232 729 4292 qut,
750 4230 785 4279 sic
804 4231 905 4279 demum
953 4230 1050 4292 generis
1069 4234 1127 4278 sunt
1146 4230 1273 4290 exempla,
1295 4241 1359 4289 quae
1378 4229 1499 4289 exposuit

368 4313 425 4372 apte
436 4310 468 4358 ad
481 4311 575 4358 diacum
587 4309 702 4358 refertur.
954 4308 1094 4371 Madvigius
1114 4308 1145 4356 ad
1165 4308 1220 4356 Fin.
1240 4323 1266 4368 p.
1288 4307 1319 4356 57
1324 4325 1330 4352 ε
1349 4310 1402 4354 tum
1422 4308 1499 4354 nulla

402 4389 442 4436 22.
461 4403 534 4449 quam
550 4387 619 4450 [rua]
634 4387 905 4435 exarte—enotatis·
953 4387 1048 4435 ratione
1074 4386 1224 4444 similitudo,
1253 4398 1317 4445 qnae
1344 4384 1499 4445 proponitur

368 4468 431 4513 sent.
466 4467 498 4516 Et
517 4481 563 4529 per
582 4477 609 4514 se
625 4465 712 4513 inutile
726 4468 835 4522 estne,
848 4469 905 4526 port
954 4465 980 4513 h.
1001 4465 1034 4523 l.,
1054 4465 1089 4512 ita
1108 4478 1164 4512 cum
1182 4464 1226 4511 illa
1238 4462 1346 4510 formula
1359 4461 1499 4511 coniuncta

369 4545 503 4603 amilcari,
517 4549 543 4595 et
556 4547 650 4595 evolare
662 4548 783 4606 perpetuo
790 4544 854 4592 solet
860 4542 904 4591 ab·
953 4548 1003 4601 est,
1017 4548 1046 4591 ut
1058 4543 1208 4592 Particulam
1220 4542 1320 4590 finalem
1333 4540 1497 4598 atedmittat,

369 4623 448 4670 solute
463 4623 519 4671 dici.
953 4621 1016 4670 sicut
1028 4621 1105 4678 infra,
1121 4622 1170 4669 lll.
1186 4625 1198 4679 ἦ
1213 4620 1270 4667 200.
1289 4619 1350 4667 Ideo
1365 4619 1496 4667 Coniunc-
