3242 5500
679 564 719 578 “““
1220 557 1255 599 xl

133 723 216 790 tum,
237 714 268 773 in
293 714 346 788 iia,
364 731 441 789 quae
460 712 586 773 ornandi
611 728 699 770 causa
716 710 921 789 asciscuntur,
940 713 1081 774 violatam
1097 714 1257 775 verborum

133 818 350 900 proprietatem
369 822 399 876 et
415 817 585 895 quaesitum
603 815 792 893 splendorem
810 835 827 875 e
848 817 949 876 nescio
959 835 1018 894 qua
1026 817 1208 894 insulsitate,
1228 825 1258 879 et

134 923 294 984 insolentia
312 929 342 981 et
358 921 543 996 temeritate,
553 926 710 997 tamquam
727 920 844 981 insania
860 940 895 981 ac
910 921 1000 982 turba
1017 921 1185 982 verborum.
1206 922 1259 983 Di-

134 1033 216 1088 serto
233 1032 263 1087 et
279 1026 419 1106 prudenti
437 1024 591 1104 scriptori,
609 1023 657 1082 eui
674 1023 819 1084 debemus
834 1024 994 1103 Dialogum
1012 1025 1049 1084 de
1068 1024 1259 1102 Oratoribus,

134 1151 204 1192 cum
229 1130 324 1191 Taciti
351 1130 469 1208 seriptis
496 1129 545 1189 edi
570 1128 707 1203 solitum,
732 1128 817 1188 licuit
840 1131 977 1190 conferre
995 1128 1172 1190 Ciceronem
1189 1150 1258 1191 cum

133 1233 324 1312 aequalibus:
343 1234 410 1312 qui,
427 1252 612 1312 quamquam
629 1233 693 1310 ipse
712 1250 832 1311 quoque
850 1251 920 1292 eum
940 1233 1047 1292 iisdem
1065 1235 1127 1294 fere
1145 1235 1257 1311 verbis,

134 1337 244 1417 quibus
269 1336 392 1413 Caesar,
419 1337 559 1396 laudabat
581 1336 666 1418 (Cap.
685 1336 736 1395 Ὦς
753 1339 863 1413 minua
879 1339 1000 1396 excoluit
1015 1339 1179 1414 mationem,
1194 1340 1257 1413 pri-

134 1463 193 1502 mae
208 1448 237 1500 et
252 1442 343 1500 certia
359 1442 490 1500 anetina
507 1442 651 1515 adhibuit,
668 1447 696 1500 et
715 1442 906 1515 compositiora
921 1441 1036 1523 muna),
1054 1448 1158 1502 tamen
1176 1461 1258 1502 com-

134 1551 284 1606 memorat
302 1564 363 1606 non
380 1545 510 1605 defuisse
529 1545 556 1604 ei
575 1544 807 1620 obtrectatoreS,
826 1564 963 1623 quaeque
983 1546 1039 1624 ipsi
1058 1546 1089 1604 in
1108 1546 1259 1606 eovitiosa

134 1650 267 1710 notanda
295 1650 451 1726 videnlur,
479 1649 613 1710 actiones
631 1649 765 1708 forenses
786 1650 956 1727 attingunt,
976 1668 1037 1709 non
1052 1651 1127 1710 item
1143 1649 1272 1728 reliqua.

134 1753 172 1813 ab
200 1773 235 1814 eo
264 1754 344 1814 edita
364 1753 529 1830 volumina,
549 1771 647 1830 neque
662 1753 787 1812 omnino
804 1753 907 1812 laudes
922 1753 1019 1813 cultae
1037 1760 1067 1813 et
1088 1759 1176 1832 aptae
1193 1773 1260 1815 ora-

134 1858 235 1918 tionis
275 1856 336 1918 Sed
353 1858 442 1917 huius
461 1857 577 1936 Dialogi
593 1858 732 1936 scriptor,
751 1859 803 1937 qui
821 1857 1003 1936 Vespasiano
1017 1863 1166 1936 regnante
1174 1859 1259 1934 vixit,

134 1982 196 2023 non
213 1961 310 2022 solum
328 1962 418 2020 iudex
437 1967 542 2021 acutus
559 1968 606 2022 est
622 1961 741 2022 virtutis
761 1963 922 2038 oratoriae,
941 1963 1075 2039 sedipse
1092 1963 1174 2023 haud
1189 1982 1260 2022 cou-

134 2066 317 2128 temnendus
334 2067 442 2125 artifex
458 2065 602 2125 orationis
618 2084 711 2144 purae
729 2072 760 2126 et
779 2066 933 2144 elegantis
959 2065 1103 2144 Reliquos
1120 2067 1260 2126 insanum

134 2171 268 2231 studium
286 2170 436 2230 invaserat
453 2171 553 2230 nescio
572 2170 656 2229 cuius
672 2170 874 2248 antiquitatis:
893 2175 937 2244 ct,
955 2176 990 2229 ut
1005 2169 1153 2230 Salustius
1171 2171 1259 2232 Cato-

133 2293 207 2334 nem
225 2273 373 2334 maluerat
389 2293 481 2353 quam
498 2274 703 2352 praesentium
717 2274 923 2352 exemplorum
934 2276 1018 2352 sequi
1035 2275 1260 2351 auctoritatem,

134 2379 196 2453 ita,
216 2378 267 2457 qui
285 2383 353 2458 post
371 2378 535 2439 Salustium
552 2378 723 2452 ediderunt,
743 2378 876 2436 maxime
886 2378 1080 2438 historiarum
1090 2379 1260 2458 scriptores,

135 2482 298 2543 Salustiani
316 2483 446 2542 fuerunt.
490 2481 591 2560 Atque
610 2483 667 2542 hoc
687 2483 785 2560 ipsum
803 2488 868 2541 erat
884 2482 965 2561 quod
975 2482 1079 2542 Cicero
1089 2483 1261 2562 relinquen·

134 2586 208 2645 dum
227 2603 293 2644 esse
311 2585 449 2664 putabat,
471 2585 573 2663 itaque
600 2586 764 2646 novitatem
781 2604 868 2646 suam
885 2585 1052 2646 illustribus
1072 2587 1260 2649 documentis

134 2689 378 2765 commendabat,
407 2708 501 2769 quum
527 2688 574 2770 (ut
595 2689 703 2751 dieitur
719 2690 750 2750 in
767 2691 874 2751 eodem
890 2690 1015 2769 Dialogo
1035 2709 1097 2771 cap.
1113 2691 1161 2751 22.
1180 2691 1259 2775 init.)

133 2795 275 2874 aequales
291 2795 355 2853 eius
374 2796 503 2871 aatiqaoa
521 2795 704 2863 mirarentur,
721 2796 782 2870 apae
798 2815 908 2855 caeram
923 2799 1262 2871 temporameloqaeatiam

134 2905 330 2973 anteponeret:
360 2899 439 2977 quod
464 2899 489 2958 si
515 2898 620 2958 Cicero
647 2899 805 2959 enuntiare
822 2900 979 2975 voluisset,
997 2918 1059 2959 non
1079 2904 1262 2975 eloquentiam

134 3023 260 3064 suorum
276 3012 463 3081 temporum,
485 3002 535 3062 sed
553 3002 600 3083 (ut
619 3003 651 3061 in
667 3003 775 3079 Bruto,
796 3002 812 3084 §
830 3003 903 3082 264,
919 3006 997 3064 conf.
1016 3003 1098 3065 Orat.
1115 3004 1166 3065 111.
1182 3004 1261 3087 539)

132 3110 324 3183 incorruptam
338 3109 557 3167 cousuetudinem
576 3108 763 3186 opposuisset
780 3108 829 3182 iis,
845 3109 896 3187 qui
913 3110 1049 3168 inanitate
1065 3110 1143 3185 loqu
1160 3112 1262 3171 stude·

134 3217 211 3272 rent.
254 3211 389 3272 Pertinet
414 3212 473 3272 hue
497 3212 545 3287 id,
574 3213 654 3290 quod
674 3217 774 3272 movet
793 3211 994 3272 Ruhnkeuius
1012 3213 1043 3271 in
1061 3215 1123 3273 fine
1140 3215 1262 3276 Praefa-

133 3316 225 3377 tionis
243 3315 282 3375 ad
298 3314 447 3375 Velleium
463 3315 670 3393 Paterculum,
689 3336 783 3395 quum
797 3318 912 3377 scribit:
930 3317 998 3377 ahie
1008 3318 1116 3396 aliquis
1126 3326 1261 3398 quaerat,

135 3420 226 3497 aquid
251 3421 305 3495 sit,
323 3439 416 3499 quare
434 3426 464 3480 et
481 3421 629 3496 Velleius,
647 3426 677 3481 et
695 3422 788 3481 ceteri
804 3422 999 3481 historiarum
1015 3424 1191 3501 scriptores,
1208 3426 1260 3486 de-

135 3528 235 3584 )›serto
263 3524 508 3602 eloquentissimo
536 3525 634 3601 Livio,
660 3544 725 3585 sese
745 3525 884 3585 certatim
902 3526 940 3585 ad
956 3525 1121 3586 Salustium
1140 3528 1260 3589 imitan-

135 3628 227 3687 »dum
254 3629 435 3690 contulerint
443 3628 477 3689 ‘l'’
519 3628 578 3689 Sed
604 3629 716 3689 fallitur
740 3629 785 3689 vir
803 3628 990 3707 praeclarus,
1008 3631 1033 3689 si
1050 3631 1122 3691 satis
1138 3633 1176 3692 ad
1192 3652 1260 3693 eam

135 3732 343 3810 quaestionem
364 3733 539 3811 responderi
555 3739 641 3812 putat
657 3752 712 3812 per
728 3733 918 3793 notissimum
938 3732 1023 3793 illum
1041 3734 1186 3797 Martialis
1194 3757 1261 3798 ver-

136 3856 216 3911 sum,
244 3838 358 3896 Primae
383 3842 510 3897 maana
538 3839 656 3913 Crispas
678 3839 709 3897 ia
726 3838 863 3897 historia:
881 3837 939 3897 hoc
954 3838 1036 3898 enim
1054 3840 1153 3918 ipsum
1169 3842 1262 3921 expli-

136 3942 267 4002 candum
284 3946 362 4014 erat,
378 3959 437 4019 qua
456 3960 489 4000 re
508 3940 656 4003 Salustius
668 3944 779 4016 primus
797 3942 969 4003 haberetur.
998 3943 1078 4003 Nam
1096 3950 1167 4004 ante
1181 3946 1263 4007 hunc

136 4045 211 4105 Cato
243 4064 261 4104 a
296 4044 442 4105 Romanis
470 4046 638 4106 oratoribus
665 4046 874 4124 negligebatur
900 4052 930 4105 et
970 4048 1034 4106 fere
1066 4048 1262 4126 ignorabatur

136 4149 234 4230 (Brut.
255 4147 270 4229 §
288 4148 340 4224 65,
359 4148 427 4229 68),
447 4148 566 4209 fastidio
584 4150 715 4228 quodam
731 4149 933 4227 antiquitatis,
951 4150 1032 4227 quod
1046 4151 1220 4213 aCicerone
1230 4155 1262 4213 in

135 4253 248 4329 Bruto,
273 4251 288 4333 5
304 4252 357 4327 65,
377 4271 441 4331 sqq.
466 4270 569 4313 severe
588 4259 721 4315 notatur:
741 4255 869 4332 ideoque
887 4254 938 4313 hic
953 4254 991 4313 de
1011 4273 1065 4314 sua
1083 4262 1182 4316 aetate
1197 4258 1263 4317 iure

135 4356 332 4437 pronuntiare
357 4356 454 4435 potuit
470 4356 554 4437 (ibid.
571 4356 587 4439 ξ
604 4357 671 4438 69),
697 4360 800 4418 maiore
823 4362 926 4417 lioaore
950 4359 981 4417 ia
1004 4362 1124 4421 omaibaa
1140 4363 1262 4437 aratur,

137 4482 215 4538 qaam
239 4462 270 4521 ia
296 4462 485 4521 claudicanti
510 4465 620 4523 aerari
644 4464 849 4539 antiquitatem
892 4462 1005 4524 Contra
1038 4465 1131 4526 sentit
1159 4472 1264 4529 auctor
