3242 5500
375 559 446 627 324
703 577 816 626 arnna
843 577 1012 627 ruamus.
1042 564 1058 642 ἓ
1087 561 1168 628 110.

375 751 435 823 sed
468 752 537 836 ita,
574 775 644 823 non
670 759 710 822 ut
732 752 828 835 inre,
855 757 916 822 aut
941 751 1090 837 iudicio,
1117 759 1158 823 ut
1181 751 1335 848 denique
1357 777 1505 848 recupe·

374 884 450 931 rare
474 859 637 932 amissam
655 860 929 956 possessionem,
957 860 1019 932 sed
1037 868 1076 932 ut
1097 855 1156 955 [ex
1173 861 1248 932 iure
1266 857 1399 957 civili],
1428 886 1505 932 sur-

375 969 453 1041 culo
486 968 737 1064 defringend0,
768 993 939 1063 usurpare
974 969 1170 1041 videantur,
1223 971 1317 1042 Nam
1338 971 1430 1043 illud
1454 970 1504 1041 al·

374 1088 487 1150 terum
519 1102 652 1173 genus,
684 1079 778 1174 quod
804 1087 857 1150 est
881 1078 1119 1175 temporibuS,
1145 1079 1250 1165 lociS,
1282 1081 1351 1152 reis
1377 1080 1505 1151 defini·

375 1196 469 1272 tum,
495 1187 673 1273 obtinent,
699 1198 804 1283 atque
822 1187 859 1258 id
877 1188 993 1283 ipsum
1012 1188 1152 1260 lacinia:
1180 1213 1276 1260 nunc
1294 1189 1390 1261 enim
1408 1188 1507 1285 apud

375 1296 580 1382 Philonem,
620 1321 725 1393 quem
761 1298 797 1369 in
835 1296 1026 1369 Academia
1061 1297 1214 1369 maxime
1238 1298 1355 1394 vigere
1377 1299 1506 1384 audio,

380 1400 516 1502 [etiam]
559 1404 684 1477 harum
724 1405 793 1477 iam
830 1430 1013 1477 causarum
1046 1407 1201 1500 cognitio
1235 1407 1508 1502 exercitatioque

376 1514 592 1588 celebratur:
631 1515 780 1586 alterum
816 1538 896 1586 vero
929 1515 1174 1586 tantummodo
1208 1516 1244 1586 in
1284 1517 1396 1612 prima
1434 1523 1508 1587 arte

376 1623 546 1697 tradenda
574 1625 780 1710 nominant,
807 1631 842 1695 et
865 1625 1009 1697 oratoris
1030 1649 1105 1696 esse
1131 1624 1277 1710 dicunt,
1306 1626 1366 1698 sed
1390 1650 1508 1722 neque

378 1734 468 1817 vim,
496 1757 611 1826 neque
634 1742 796 1805 naturam
822 1733 917 1819 eius,
944 1758 1008 1805 nec
1032 1741 1169 1829 partes,
1196 1758 1260 1806 nec
1279 1759 1408 1830 genera
1426 1760 1507 1832 pro-

376 1848 533 1939 ponunt3
568 1850 608 1913 ut
646 1843 827 1936 praeteriri
862 1843 1005 1914 omnino
1035 1842 1141 1915 fuerit
1165 1843 1294 1930 satim,
1322 1869 1431 1940 quam
1453 1853 1506 1917 at·

377 1958 551 2023 tentatum
569 1950 697 2023 deseri:
720 1975 815 2022 nuno
834 1951 928 2023 enim
946 1951 1065 2047 inopia
1082 1953 1224 2024 reticere
1237 1953 1505 2048 intelliguntur,

375 2069 453 2133 tum
478 2059 608 2131 iudicio
629 2060 842 2133 viderentur.

304 2178 350 2244 29
425 2169 551 2241 Omnis
574 2170 685 2264 igitur
705 2194 760 2241 res
783 2169 943 2241 eamdem
967 2169 1074 2242 habet
1099 2179 1260 2242 naturam
1279 2171 1505 2266 ambigendi,

305 2301 348 2346 111
376 2279 420 2351 de
442 2303 512 2375 qua
534 2279 655 2374 quaeri
681 2287 715 2350 et
739 2279 926 2373 disceptari
944 2287 1080 2374 potest,
1109 2281 1233 2352 sivein
1251 2281 1403 2354 infinitis
1424 2307 1504 2354 con·

376 2387 627 2462 saltationibus
661 2388 896 2484 disceptatur,
934 2389 1005 2460 sive
1041 2389 1078 2460 in
1115 2389 1159 2460 iis
1188 2390 1324 2476 causis,
1352 2391 1503 2487 quaein

378 2499 516 2571 civitate
541 2497 635 2569 etin
660 2497 789 2569 forensi
815 2497 1069 2592 disceptatione
1092 2507 1292 2572 versantur:
1321 2524 1437 2596 neque
1455 2508 1505 2571 est

377 2607 467 2694 ulla,
506 2631 596 2704 quae
634 2631 705 2679 non
740 2616 800 2678 aut
834 2607 880 2677 ad
912 2606 1163 2702 cognoscendi,
1202 2617 1261 2680 aut
1295 2609 1342 2680 ad
1378 2608 1504 2705 agendi

306 2749 352 2794 nc
378 2719 447 2790 vim
481 2717 721 2814 rationemque
745 2716 925 2789 referatur.
979 2717 1071 2790 Nam
1093 2725 1152 2789 aut
1176 2708 1431 2814 ipsa'oognitio
1455 2718 1503 2790 rei

379 2828 594 2922 scientiaque
623 2826 857 2923 perquiritur;
892 2834 949 2911 ut,
977 2826 1088 2898 virtus
1115 2852 1260 2899 suamne
1285 2836 1429 2925 propter
1453 2828 1503 2899 di-

377 2938 570 3032 gnitatem,
609 2961 653 3007 an
684 2944 829 3031 propter
863 2936 997 3007 fructus
1031 2935 1167 3032 aliquos
1203 2946 1404 3033 expetatur:
1444 2946 1503 3008 aut

377 3045 506 3141 agendi
538 3046 739 3117 consilium.
762 3046 978 3140 exquiritur;
1006 3054 1064 3130 ut,
1092 3047 1183 3118 sitne
1209 3048 1360 3143 sapienti
1386 3071 1501 3141 capes·

305 3186 351 3230 na
377 3154 485 3226 scnda
507 3179 562 3226 res
587 3153 739 3249 publica.
794 3154 1018 3249 Cognitionis
1038 3163 1157 3226 autem
1184 3164 1256 3227 tres
1278 3156 1395 3243 modi,
1421 3180 1501 3227 con·

378 3264 527 3348 iectura,
554 3262 734 3347 definitio,
762 3272 819 3348 et,
846 3272 886 3334 nt
911 3263 960 3336 ita
978 3263 1108 3349 dicam,
1136 3266 1347 3338 consecutio,
1393 3266 1501 3350 Nam,

378 3373 464 3469 quid
498 3374 596 3445 inre
622 3374 687 3458 sit,
714 3374 913 3445 coniectura
938 3374 1137 3468 quaeritur;
1164 3374 1333 3461 utillud,
1361 3376 1446 3447 sitne
1464 3375 1501 3445 in

381 3483 536 3554 humano
568 3506 696 3578 genere
733 3482 915 3579 sapientia.
969 3483 1087 3557 Quam
1110 3491 1228 3555 autem
1253 3484 1323 3556 vim
1347 3507 1502 3580 quaeque

382 3618 436 3664 res
470 3592 616 3677 habeat,
656 3591 815 3663 definitio
847 3591 1019 3687 explicat3
1047 3601 1105 3679 ut,
1133 3593 1161 3663 si
1185 3602 1391 3687 quaeratur,
1415 3592 1501 3688 quid

417 3901 472 3945 111.
491 3901 569 3947 omnic
579 3900 659 3960 nitur
672 3911 713 3945 rer
725 3900 833 3946 eamdem
847 3898 918 3945 habet
968 3897 1099 3960 rigandum
1107 3902 1306 3954 oenseo‚certcm
1313 3900 1383 3947 habet
1389 3899 1502 3945 naturam

381 3979 497 4024 naturam
510 3977 655 4040 ambipendr'.
687 3978 717 4024 In
731 3981 800 4024 textu
815 3976 918 4024 Ellend·
968 3976 1113 4039 ambtqeadi.
1143 3977 1205 4031 Sed,
1221 3976 1502 4037 quaeverbasnbiioiun-

380 4056 429 4105 tius
443 4061 596 4116 expresserat
609 4055 711 4113 habent,
726 4053 857 4103 manifesto
870 4054 918 4101 fal·
969 4061 1022 4111 tur,
1038 4055 1067 4101 de
1081 4070 1129 4116 qua
1143 4057 1229 4115 quaeri
1242 4056 1268 4102 et
1275 4055 1405 4117 disceptari
1408 4058 1501 4115 potest,

382 4149 445 4183 snm.
465 4134 522 4191 Sed,
538 4132 569 4181 de
583 4146 737 4193 quacumque
752 4148 779 4180 re
787 4139 829 4180 aut
837 4148 918 4189 cansa,
968 4138 1094 4193 tamquam
1115 4133 1133 4181 si
1153 4134 1184 4181 de
1198 4134 1250 4194 ipsa
1265 4135 1358 4182 actara
1370 4134 1502 4197 ambipendr'

380 4214 396 4260 i.
412 4228 434 4261 e.
450 4214 481 4260 de
495 4212 612 4274 singulis,
628 4211 676 4259 dici
690 4226 740 4259 non
754 4218 849 4272 potest,
865 4226 919 4259 eam
969 4212 1137 4271 quaerendum
1159 4217 1237 4267 esset,
1265 4227 1293 4260 ea
1315 4228 1363 4261 non
1383 4218 1448 4274 puto,
1474 4217 1502 4259 ut

172 4287 179 4301 ¹
266 4336 278 4344 ,
380 4290 473 4340 habere
500 4292 607 4338 eamdem
628 4295 740 4338 naturam
761 4289 918 4352 ambigendi,
969 4289 1021 4337 aliis
1042 4288 1172 4350 placebat,
1193 4290 1295 4339 insititio
1316 4305 1382 4347 esse,
1402 4288 1440 4337 sed
1458 4304 1501 4336 re·

380 4370 406 4417 id
426 4370 492 4431 quod
509 4374 605 4418 tantum
621 4368 651 4416 de
665 4367 777 4430 pluribus
792 4369 874 4416 dicere
888 4368 917 4414 li·
968 4366 1089 4417 trahenda
1104 4374 1160 4429 post
1173 4369 1250 4416 omnia
1265 4371 1343 4431 icitur
1356 4384 1401 4417 rer.
1432 4367 1501 4415 Con-

381 4446 463 4496 cebat:
478 4448 553 4509 idque
564 4446 919 4503 tantominushicrerendum‚
968 4445 1080 4494 ferantur
1101 4446 1192 4495 similes
1212 4448 1274 4503 loci,
1295 4448 1320 4495 in
1336 4446 1417 4509 quibus
1430 4444 1502 4492 idem

381 4527 448 4587 qnod
467 4527 524 4573 illae
546 4531 648 4574 naturae
665 4524 806 4587 ambigendi
822 4539 879 4572 mox
894 4524 919 4570 in
968 4525 1148 4585 propemodum
1163 4525 1313 4585 explicatur,
1334 4527 1354 4573 1.
1369 4530 1380 4583 ξ
1395 4524 1445 4570 138.
1464 4524 1501 4570 Π.

382 4606 430 4651 duo
452 4605 548 4653 diversa
564 4619 656 4668 genera
669 4602 820 4652 tribuuntur.
857 4604 918 4651 Cor·
970 4606 982 4659 ξ
999 4603 1045 4661 64,
1061 4616 1096 4663 sq.
1113 4609 1137 4651 et
1152 4604 1191 4652 78.
