3242 5500
351 505 397 574 24

709 521 823 573 55555
849 523 987 574 narnus
1013 506 1032 586 §
1059 504 1116 574 53.

350 697 396 768 ad
413 696 568 778 dolorem
585 695 791 781 incitandis,
809 696 865 767 vel
882 694 926 767 ab
944 694 1040 768 hisce
1058 695 1183 767 iisdem
1195 697 1476 792 permotionibus

351 806 396 878 ad
420 806 601 878 lenitatem
626 805 968 901 misericordiamque
990 805 1221 878 revocandis?
1252 806 1371 882 Quare
1404 807 1477 879 nisi

351 916 413 1012 qui
452 923 594 990 naturas
633 915 838 1002 hominum,
872 915 1014 1011 vimque
1047 939 1187 987 omnem
1223 914 1475 1002 humanitatis,

352 1050 543 1122 causasque
567 1050 646 1112 eas,
672 1023 801 1122 quibus
826 1032 961 1098 mentes
985 1032 1046 1097 aut
1070 1025 1262 1098 incitantur
1278 1033 1340 1098 ant
1356 1026 1477 1098 reflec-

352 1143 497 1222 tuntur,
533 1137 674 1232 penitus
708 1134 946 1232 perspexerit,
983 1134 1132 1208 diceudo
1162 1134 1258 1230 qnod
1280 1135 1373 1207 volet
1397 1159 1477 1230 per·

296 1270 328 1316 aa
352 1245 454 1317 ficere
483 1269 555 1316 non
588 1245 727 1341 poterit.
780 1244 893 1341 Atqui
921 1251 1017 1317 totus
1046 1244 1103 1317 hic
1131 1245 1227 1316 locus
1251 1243 1477 1341 philosopho·

352 1380 431 1427 rurn
455 1355 617 1452 proprius
641 1355 800 1441 videtur,
827 1379 942 1450 neque
966 1362 1102 1440 orator,
1129 1378 1185 1426 me
1208 1362 1373 1440 auctore,
1398 1379 1476 1426 um·

353 1489 459 1560 quam
490 1463 721 1560 repugnabit:
762 1464 841 1550 sed,
868 1488 978 1560 quum
1003 1465 1072 1561 illis
1097 1463 1334 1560 cognitionem
1358 1488 1477 1536 rerum

353 1575 581 1660 concesserit,
614 1573 708 1670 quod
737 1574 774 1645 in
799 1599 839 1645 ea
863 1575 977 1647 solum
1000 1574 1052 1646 illi
1076 1574 1249 1646 voluerint
1277 1572 1476 1659 elaborare,

353 1685 597 1755 tractationem
620 1683 809 1770 orationis,
837 1708 926 1780 quae
951 1683 1026 1756 sine
1050 1684 1110 1756 illa
1134 1683 1279 1756 scientia
1292 1683 1390 1755 nulla
1401 1690 1477 1768 est,

354 1791 422 1866 sibi
450 1801 575 1866 sumet.
638 1792 717 1866 Hoc
752 1794 846 1866 enim
880 1801 933 1866 est
966 1794 1148 1890 proprium
1180 1793 1346 1880 oratoris,
1382 1793 1478 1889 quod

355 1928 459 2000 saepe
493 1903 563 1976 iam
598 1903 694 1991 dixi,
729 1904 839 1977 oratio
864 1905 977 2000 gravis
1002 1911 1037 1976 et
1062 1911 1205 1990 ornata,
1232 1911 1267 1975 et
1292 1902 1477 1975 hominum

356 2013 515 2085 sensibus
537 2038 576 2086 ac
596 2012 774 2086 mentibus
794 2013 1064 2086 accommodata.

285 2129 329 2198 13
406 2121 545 2199 Quibus
567 2124 610 2195 de
634 2123 739 2196 rebus
761 2123 988 2196 Aristotelem
1008 2131 1044 2195 et
1065 2121 1346 2219 Theophrastum
1369 2121 1475 2216 scrip·

299 2242 330 2287 55

356 2343 397 2404 (51
412 2339 477 2387 infra
491 2341 526 2388 II.
542 2343 554 2397 5
571 2341 628 2398 114,
642 2342 771 2388 51555555
784 2340 892 2399 5515555,
942 2340 1078 2388 mutatione
1091 2338 1202 2388 adhibita
1208 2340 1357 2404 legendum,
1372 2339 1479 2401 sineque

356 2419 495 2479 epndqnoa
512 2417 630 2476 5115155555,
649 2418 735 2477 adid,
750 2420 892 2480 quadrata·
941 2419 986 2466 1115
1005 2433 1040 2466 sc.
1074 2421 1112 2467 De
1129 2433 1185 2466 meo
1203 2419 1298 2467 correxi
1310 2420 1406 2476 sumet,
1420 2432 1479 2480 prae

356 2512 426 2554 mne,
454 2495 653 2558 commovendos.)
676 2497 751 2558 idque
774 2498 894 2558 perficere
942 2497 1079 2555 constanti,
1104 2500 1132 2546 ut
1152 2497 1266 2555 videtur,
1287 2495 1408 2544 librorum
1429 2498 1479 2544 155-

357 2574 448 2637 poterit
461 2575 576 2631 dicendo,
591 2575 607 2622 i.
624 2590 646 2623 5,
658 2575 791 2624 incitandis
805 2580 848 2624 aut
854 2589 894 2623 re·
941 2578 1024 2636 11555,
1045 2580 1167 2635 assumet,
1181 2577 1249 2637 quod
1262 2575 1438 2638 compositum,
1452 2581 1480 2623 ut

357 2652 474 2701 vocandis
495 2653 623 2701 hominurn
641 2652 772 2702 mentibus.
808 2656 894 2715 Ipsum
941 2662 1009 2704 recte
1022 2657 1122 2719 ponitur
1135 2654 1212 2713 infra,
1227 2671 1252 2703 v.
1267 2655 1369 2714 55110
1377 2654 1477 2710 55217,

357 2733 421 2781 illud
438 2732 519 2794 quoad
537 2732 592 2781 ideo
605 2733 721 2782 vitiosum
735 2737 813 2792 esset,
829 2733 895 2795 quod
942 2735 976 2784 ita
996 2735 1055 2784 hinc
1075 2750 1175 2798 prorsus
1197 2735 1307 2783 alienum
1321 2737 1365 2782 est.
1401 2733 1481 2797 Igitur

358 2812 391 2860 ita
405 2812 528 2860 diceretur
541 2816 664 2860 oratorem
681 2812 727 2861 sibi
739 2812 765 2860 in
778 2812 822 2861 illo
836 2827 895 2874 pro·
944 2829 975 2863 ex
987 2820 1042 2863 mea
1056 2814 1177 2863 sententia
1190 2816 1259 2861 loeus
1273 2811 1479 2861 sicdescribatnr:

358 2890 438 2951 posite
452 2895 547 2938 certum
560 2892 661 2939 modum
676 2891 840 2950 constituere,
855 2893 895 2939 ul-
944 2893 992 2951 Et,
1012 2896 1034 2941 51
1054 2896 1122 2942 totas
1141 2892 1181 2940 bic
1201 2893 1267 2941 15555
1282 2890 1482 2951 pltitosophoram

359 2974 397 3019 tra
411 2983 484 3029 quem
497 2970 614 3033 progredi
627 2984 727 3019 5555555
741 2985 792 3019 555
806 2976 878 3020 esset.
940 2972 1060 3033 proprias
1080 2971 1209 3027 5151551155,
1234 2984 1310 3032 neqroe
1330 2972 1430 3026 orator,
1445 2984 1482 3017 mc

378 3050 418 3096 54.
436 3050 511 3109 atque
531 3048 651 3096 15155115
664 3050 730 3097 155155
742 3077 783 3097 -.
802 3052 896 3109 Quem·
945 3054 1054 3109 anctore,
1064 3065 1180 3112 umquem
1190 3048 1345 3110 repugnabit,
1360 3051 1394 3105 51,
1408 3063 1483 3109 qaam

359 3125 493 3175 admodum
512 3126 551 3174 hic
571 3128 640 3175 locus
655 3142 668 3176 e
682 3126 750 3176 libris
764 3128 803 3176 edi
817 3131 895 3187 solet,
945 3129 996 3177 iltis
1022 3129 1182 3190 5555155555
1209 3141 1293 3176 rernm
1320 3127 1482 3184 5555555511,

360 3205 513 3253 divelluntur
533 3218 547 3251 a
568 3219 594 3253 se
613 3206 720 3253 invicem
735 3221 797 3267 quae
812 3208 898 3256 arctis·

360 3284 420 3332 sime
434 3283 567 3331 cohaerere
581 3289 691 3345 oportet:
707 3290 780 3346 atque
794 3300 844 3333 555
858 3301 896 3334 ar-

361 3362 545 3425 gumentatione
559 3362 822 3424 eomprehendendum
837 3369 897 3424 erat,

361 3441 421 3502 quid
434 3441 655 3503 philosophorum,
674 3445 699 3491 et
706 3442 765 3503 quid
772 3447 898 3491 oratorum

357 3520 489 3579 preprium
509 3526 580 3569 esset.
615 3522 701 3582 itaque
722 3536 772 3569 non
792 3524 898 3571 multum

362 3599 491 3648 discedens
512 3598 543 3647 ab
563 3599 591 3647 115
612 3614 674 3661 quae
693 3600 754 3648 clim
771 3615 897 3650 commen·

363 3678 434 3735 davi,
455 3676 562 3739 primum
584 3679 758 3742 corrigendum
772 3684 809 3728 est
822 3680 898 3737 5151,

363 3759 421 3819 (pro
441 3754 561 3804 librorum
579 3756 685 3805 lectione
699 3761 788 3820 atque,
803 3763 846 3806 aut
859 3761 897 3806 at·

364 3832 435 3895 quil·
450 3839 519 3891 tum,
534 3835 649 3895 quoniam
663 3836 796 3897 requiritur
811 3852 840 3884 55
854 3835 897 3884 cb-

363 3912 474 3961 iectionis
487 3912 582 3971 forma,
597 3928 659 3975 quae
674 3914 899 3964 modoservabatur

365 3995 377 4050 §
393 3992 424 4038 52
439 3990 472 4054 (et
486 3991 540 4052 quic
547 3991 617 4056 erit),
630 3991 764 4055 praestabit
770 3994 899 4053 ridebitur,

364 4068 436 4117 sicuti
448 4071 540 4119 Futura
553 4086 610 4119 mox
624 4077 752 4121 servantur
766 4072 844 4130 haec,
859 4087 898 4120 re·

359 4148 495 4209 pugnabit,
517 4150 677 4209 concesserit,
698 4154 900 4213 5555515555-

947 3209 1011 3269 qeod
1020 3207 1047 3254 in
1053 3222 1081 3255 55
1087 3209 1165 3255 subm
1171 3206 1210 3253 itti
1216 3206 1337 3254 miserint
1343 3207 1482 3264 elaborare,

947 3286 1121 3335 tractationem
1144 3284 1277 3342 5551155115,
1298 3285 1351 3331 aine
1371 3298 1420 3345 qna
1439 3284 1484 3330 1115

946 3365 1050 3413 scicntia
1063 3365 1132 3412 nnita
1145 3366 1198 3420 551,
1212 3363 1257 3410 cibi
1270 3366 1359 3410 555551.

981 3446 1021 3491 56.
1040 3443 1142 3499 etenim,
1156 3457 1231 3503 qaum
1243 3442 1281 3488 tre
1294 3442 1322 3487 in
1332 3441 1435 3489 dicendo
1444 3468 1483 3487 -.

947 3524 1041 3571 Iterum
1061 3520 1212 3570 restituenda
1226 3525 1263 3569 est
1275 3535 1335 3569 sana
1348 3519 1484 3568 sententia·

947 3616 1003 3649 rum
1016 3600 1100 3648 series.
1125 3600 1202 3648 Modo
1215 3600 1311 3648 51155551
1325 3599 1485 3648 Aristotelem

948 3685 973 3728 et
993 3679 1191 3741 Theophrastum
1207 3680 1261 3740 ipsa
1279 3677 1440 3739 inscriptione
1453 3678 1484 3725 li-

946 3756 1048 3806 brorum
1068 3757 1249 3806 rhetoriccrum
1261 3757 1411 3805 concessisse
1427 3771 1483 3805 ora·

946 3842 1028 3886 torum
1048 3850 1101 3885 5555
1121 3851 1183 3898 quae
1202 3836 1257 3885 15115
1276 3840 1425 3884 tractarent:
1440 3837 1487 3885 sed

947 3930 1010 3976 quae
1022 3916 1064 3963 hic
1077 3914 1239 3963 subiiciuntur
1252 3914 1352 3963 minime
1363 3914 1486 3963 rationem

946 3995 1055 4043 reddunt
1068 3994 1120 4042 eius
1131 3992 1323 4051 observationis,
1338 4008 1416 4054 quum
1422 3995 1487 4043 nihil

947 4074 1015 4122 aliud
1028 4073 1131 4130 dicatur,
1146 4074 1193 4121 nisi
1205 4074 1273 4121 locos
1283 4073 1427 4135 illosipsos,
1442 4075 1486 4134 qui

946 4158 1131 4210 enumerantur,
1145 4166 1198 4201 esse
1204 4151 1425 4214 philosophorum,
1440 4155 1486 4201 sed

364 4232 458 4285 tremo,
487 4229 553 4289 qued
579 4229 611 4277 de
634 4229 744 4277 oratione
764 4230 814 4277 dici
833 4246 899 4279 nunc
946 4231 1117 4280 mactationem
1137 4231 1262 4292 propriam
1283 4245 1335 4280 5555
1349 4237 1485 4280 oratorum.

364 4306 478 4365 videtur,
499 4321 553 4355 eam
570 4307 793 4355 5155111555155115
806 4310 899 4357 nattam
947 4310 1027 4374 Igitur
1054 4314 1247 4358 consentaneum
1272 4315 1310 4358 est
1337 4315 1380 4367 51,
1408 4326 1486 4372 quum

365 4399 429 4443 5555,
454 4385 628 4434 alienissimum
649 4385 736 4435 55155
757 4387 804 4435 hac
824 4402 899 4451 argu·
947 4390 1047 4437 (11515551
1062 4390 1163 4437 Crassus
1177 4389 1208 4437 de
1222 4402 1343 4438 eosecum
1351 4392 1486 4439 convenire

259 4520 263 4527 Ι
364 4464 529 4521 mentatione,
557 4478 605 4525 qua
629 4464 733 4512 orationi
751 4466 898 4529 dignitatem
948 4468 1105 4518 Aristotelem
1119 4472 1152 4516 en'
1164 4468 1371 4529 Theophrastum,
1386 4475 1486 4518 uttrec-

363 4543 483 4592 vindieari
502 4556 603 4593 neeesse
624 4547 691 4602 erat,
715 4544 821 4606 ideoque
848 4546 897 4595 levi
946 4547 1066 4595 tationem
1088 4561 1172 4595 rerum
1192 4547 1283 4596 oratori
1302 4548 1484 4606 concederent,
