3242 5500
432 587 545 637 crana
570 577 772 636 secernas.
799 568 817 647 ἓ
845 567 927 636 231.
1169 561 1239 631 217

168 761 258 831 Tum
282 760 478 856 Sulpicius,
506 759 605 836 Quid
628 758 764 854 igitur?
790 759 927 854 inquit,
955 756 1127 852 patiemur
1152 753 1238 824 Cae·
1267 756 1311 825 57

124 893 249 955 sarem,
275 870 359 966 qui,
385 893 605 966 quamquam·
619 867 745 940 Crasso
761 868 902 940 facetias
918 863 1095 948 concedit,
1122 869 1239 934 tamen
1266 879 1309 926 aar

123 979 229 1050 multo
264 980 301 1050 in
330 1003 371 1050 eo
394 979 511 1051 studio
534 978 648 1073 magis
671 978 747 1072 ipse
771 975 946 1060 elaborat,
972 997 1043 1046 non
1068 970 1241 1066 explicare

122 1087 218 1160 nobis
252 1096 366 1160 totum
390 1113 521 1184 genus,
547 1086 651 1183 quale
676 1087 742 1171 sit,
768 1095 804 1158 et
830 1085 925 1157 unde
950 1085 1114 1166 ducatur3
1141 1103 1239 1175 prae·

102 1193 236 1268 'sertim
260 1222 374 1293 quum
404 1206 541 1269 tantam
563 1196 633 1268 vim
657 1203 692 1268 et
713 1195 902 1267 utilitatem
928 1193 1009 1266 salis
1031 1199 1065 1263 et
1098 1189 1239 1261 urbani·

122 1306 197 1378 tatis
229 1331 306 1378 esse
335 1307 511 1379 fateatur?
559 1304 657 1382 Quid
683 1305 733 1390 si,
764 1305 884 1400 inquit
909 1303 1043 1387 lulius,
1070 1299 1241 1372 assentior

121 1416 272 1487 Antonio
297 1416 427 1488 dicenti
453 1414 587 1487 nullam
618 1439 693 1486 esse
718 1421 828 1486 artem
855 1413 962 1486 salis?
1008 1409 1098 1494 Hic,
1130 1431 1240 1503 quum
1267 1418 1313 1464 2³2

121 1525 293 1621 Sulpicius
327 1525 540 1610 reticuisset,
575 1523 687 1600 Quasi
713 1547 810 1608 vero,
837 1522 953 1618 inquit
982 1520 1149 1604 Crassus,
1176 1517 1238 1588 ho·

120 1657 192 1704 rum
226 1636 404 1730 ipsorum,
436 1634 480 1706 de
514 1632 645 1730 quibus
681 1632 860 1704 Antonius
882 1633 953 1704 iarn
978 1630 1040 1702 diu
1064 1628 1238 1724 loquitur,

120 1767 170 1814 ars
202 1744 275 1816 ulla
313 1745 379 1817 sit:
416 1743 612 1816 observatio
644 1742 817 1839 quaedam
849 1749 923 1827 est,
960 1748 1001 1812 ut
1029 1740 1105 1835 ipse
1130 1737 1237 1822 dixit,
1303 1795 1306 1800 .

119 1875 232 1924 eurum
265 1877 405 1939 rerum,
440 1877 531 1949 quae
565 1853 603 1924 in
641 1852 791 1924 dicendo
827 1851 964 1936 valent3
1002 1873 1092 1946 quae
1113 1848 1143 1920 si
1168 1848 1238 1919 elo·

120 1970 258 2055 quantes
293 1962 407 2034 facere
439 1969 574 2058 posset,
610 1961 690 2057 quis
713 1968 805 2032 esset
830 1984 901 2032 non
927 1959 1122 2054 eloquens?
1147 1958 1239 2034 Quis

119 2071 207 2142 enim
237 2071 324 2143 haec
353 2095 424 2144 non
457 2072 512 2143 vel
544 2071 665 2159 facile,
695 2070 751 2142 vel
773 2077 867 2142 certe
888 2069 1006 2164 aliquo
1031 2068 1134 2140 modo
1159 2092 1237 2163 pos·

120 2189 167 2251 set
201 2180 381 2254 ediscere?
418 2181 488 2252 Sed
521 2205 588 2277 ego
619 2181 656 2252 in
691 2179 748 2252 his
779 2179 973 2275 praeceptis
999 2177 1088 2250 hanc
1110 2178 1182 2250 vim
1203 2185 1238 2249 et

119 2288 202 2361 hanc
229 2288 421 2362 utilitatem
448 2315 523 2362 esse
547 2289 716 2376 arbitror,
743 2313 815 2360 non
837 2297 878 2360 ut
902 2288 947 2360 ad
971 2285 1237 2382 reperiendum,

119 2399 207 2494 quod
224 2400 401 2486 dicamus,
427 2406 502 2472 arte
524 2400 714 2485 ducamur,
741 2399 803 2470 sed
828 2407 869 2470 ut
894 2422 952 2484 ea,
979 2421 1069 2493 quae
1093 2405 1237 2481 natura,

119 2533 201 2602 quae
226 2509 367 2595 studia,
395 2533 484 2606 quae
508 2509 756 2581 exercitatione
779 2509 1044 2604 consequimur,
1070 2513 1131 2578 aut
1148 2513 1240 2577 recta

118 2642 187 2690 csse
201 2618 444 2705 confidamus,
467 2629 528 2691 aut
545 2643 651 2715 prava
669 2617 923 2712 intelligamus,
947 2639 1074 2710 quum,
1098 2639 1168 2711 quo
1185 2639 1237 2686 re·

118 2727 254 2800 serenda
272 2729 366 2813 sint,
393 2728 629 2801 didicerimus.
683 2729 819 2813 Quare,
848 2727 990 2813 Caesar,
1018 2751 1083 2821 ego
1099 2750 1240 2822 quoque
1265 2739 1313 2787 23³

118 2836 178 2910 hoc
199 2862 221 2910 a
244 2848 282 2911 te
306 2847 407 2934 peto,
433 2847 494 2923 ut,
521 2839 550 2911 si
575 2838 642 2910 tibi
661 2838 810 2924 videtur,
832 2838 1004 2933 disputes,
1023 2836 1068 2907 de
1085 2835 1150 2907 hoc
1166 2842 1240 2907 toto

118 2946 250 3021 iocandi
274 2972 405 3044 genere
429 2948 516 3045 quid
541 2949 692 3033 sentias,
719 2972 859 3043 nequa
884 2946 971 3019 forte
996 2945 1137 3018 dicendi
1159 2969 1239 3041 pars

121 3058 299 3151 (quoniam
325 3058 372 3129 ita
393 3057 567 3144 voluistis)
596 3058 632 3129 in
659 3056 724 3129 hoc
749 3057 810 3128 tali
835 3064 953 3141 coetu,
980 3063 1086 3151 atque
1107 3056 1239 3127 in'tam

116 3356 200 3401 semet
219 3353 334 3410 correxi,
356 3368 430 3415 quum
451 3355 521 3417 vulg.
536 3354 652 3402 ederetur
701 3361 726 3402 et
746 3353 865 3402 excidisse
886 3353 1021 3409 nonnulla,
1046 3352 1071 3399 in
1086 3350 1174 3413 quibus
1188 3353 1238 3414 pri·

115 3434 179 3481 solet.
701 3448 768 3480 mum
787 3432 911 3479 diceretur
927 3432 1057 3479 Caesarem
1071 3431 1238 3491 respondere,

146 3513 209 3573 qued
225 3540 262 3548 —
280 3525 297 3558 a
317 3511 404 3558 Cressa
417 3512 540 3558 οῠιονυανί
552 3511 651 3559 uteret.
699 3516 753 3559 tum
767 3510 945 3571 explicaretur,
960 3508 986 3555 in
1000 3506 1089 3569 quibus
1102 3510 1144 3556 vel
1158 3507 1237 3556 homi·

116 3590 266 3639 Praeferrem
286 3591 397 3637 amri:
419 3590 485 3638 cont.
507 3590 540 3637 ad
554 3591 574 3637 Ι.
591 3594 603 3647 §
619 3591 650 3639 97
700 3588 773 3637 nibus
792 3590 834 3637 vel
852 3586 926 3636 rebus
938 3586 1043 3635 facetiae
1057 3586 1181 3647 aptissime
1194 3601 1239 3635 va·

116 3674 139 3715 et
153 3671 206 3717 109.
619 3658 623 3663 Δ
700 3669 788 3716 terent.
812 3666 901 3715 Omnia
915 3666 977 3713 haec
992 3664 1102 3713 Caesaris
1116 3665 1238 3713 esseinde

146 3750 174 3794 ut
197 3750 223 3795 ta
242 3747 414 3794 adversarium
432 3773 466 3781 —
480 3746 651 3807 sraupeadum
700 3759 798 3807 quoque
819 3746 922 3793 confirm
937 3748 990 3793 tur.
1014 3743 1080 3804 quod
1094 3757 1160 3790 nunc
1174 3743 1239 3792 eius·

116 3825 246 3875 rideretur.
282 3827 320 3873 Ut
339 3825 401 3873 haec
420 3838 489 3873 nunc
501 3824 541 3873 edi
554 3826 651 3883 solent,
700 3824 757 3873 dem
770 3822 899 3872 'contionis
919 3758 1012 3879 durio
1026 3824 1054 3871 tit
1068 3820 1108 3885 (tu
1122 3822 1172 3869 tata
1185 3823 1239 3883 ι’ρεα

116 3904 193 3953 omnia
207 3905 387 3952 continuantur
400 3916 456 3951 cum
469 3902 508 3961 iis,
523 3917 586 3962 quae
598 3907 649 3951 An·
700 3902 837 3966 aarum),
858 3903 927 3951 cuius
944 3901 1032 3959 modo,
1047 3904 1060 3959 t
1076 3901 1137 3957 227,
1152 3901 1237 3949 merni-

116 3982 192 4031 tonius
212 3981 315 4030 dicebat
327 3982 443 4039 modas
463 3981 532 4029 cuius
546 3996 652 4042 persona
700 3986 779 4030 nerat.

116 4062 257 4121 quumhaec
264 4060 348 4109 aliena
355 4071 408 4108 esse
415 4059 545 4117 dixissem,
560 4061 652 4121 quippe
734 4062 791 4107 231.
808 4059 891 4121 inquit
913 4057 1000 4107 latius.
1025 4059 1102 4107 Modo
1120 4058 1169 4106 dixi
1184 4072 1238 4107 cor·

115 4138 164 4199 ipsa
182 4139 341 4200 pertinerent
360 4137 391 4185 ad
408 4138 472 4186 illud
484 4138 652 4200 praecipiendi
699 4138 830 4201 rigandum
845 4152 897 4187 esse
910 4138 1003 4195 videri,
1018 4138 1100 4199 inquit
1113 4140 1163 4187 tue.
1186 4130 1242 4196 Itu,¹

115 4230 201 4278 genus,
222 4217 293 4279 quod
314 4230 330 4263 a
350 4216 456 4265 Caesare
468 4221 611 4277 exspectare
624 4230 652 4264 se
700 4220 713 4274 ς
729 4218 793 4273 234,
808 4219 861 4263 tam
874 4218 924 4264 ille.

115 4296 205 4345 dixerat
217 4293 355 4352 Antonius,
369 4294 452 4356 itaque
464 4294 649 4356 inprimiscon·
734 4294 980 4353 aaa.,‚atspsedsast.
999 4294 1071 4343 Cani.
1080 4309 1162 4356 supra,
1176 4297 1238 4353 532.

114 4374 193 4421 venue
214 4374 262 4436 ipsi
285 4373 401 4431 Caesari,
421 4387 472 4421 non
486 4372 590 4434 probavi
602 4372 652 4420 hoc
734 4375 792 4421 233.
812 4374 930 4436 [pectam]
942 4374 1069 4434 spectante
1076 4374 1169 4421 Roscio⁴
1188 4375 1238 4423 Pu·

115 4454 244 4502 ltttendtic.
280 4453 375 4501 Tamen
396 4466 486 4500 manao
506 4452 532 4499 in
550 4466 580 4499 ea
593 4464 649 4499 sen·
699 4451 750 4499 tide
770 4451 942 4512 interpositum
961 4450 1025 4499 illud
1036 4453 1147 4515 pectam,
1163 4464 1238 4511 quum

112 4531 197 4578 tentia:
218 4532 265 4579 sed
285 4530 444 4580 manifestum
465 4534 503 4578 est
523 4530 570 4578 hoc
588 4530 651 4578 Cae·
699 4530 833 4591 praecedat
852 4532 954 4589 apeadt,
976 4535 1092 4591 sequatur
1108 4544 1161 4578 sese
1174 4544 1238 4578 cem·

114 4608 169 4656 saris
181 4623 331 4671 responsum
344 4609 414 4659 initio
427 4613 570 4659 unocamm
584 4622 649 4666 esse,
700 4609 810 4656 morendi
822 4608 941 4665 verbum,
960 4607 1125 4657 obiiciendum
1139 4622 1238 4659 censeo.
