3242 5500
469 565 583 614 uranu
609 565 812 617 sncuunus.
841 550 858 632 §
885 549 942 617 85.
1201 551 1268 620 155

139 737 259 824 tabor,
283 743 324 806 ut
309 734 521 821 tt,eleb0re
549 737 670 809 sedt
634 735 761 822 etiam,
788 737 819 809 si
843 738 895 809 vir
918 736 1185 834 quoquebonus
1204 741 1269 812 mi·
1326 771 1330 778 ·

139 847 179 918 hi
208 844 343 917 videbit
329 852 387 916 tur
411 869 506 931 esse,
533 832 783 918 obsecrabo&
768 855 829 918 tan
831 855 908 919 tum
935 871 1000 942 ego
1025 847 1062 922 in
1088 847 1270 921 excellenti

137 962 297 1040 oratore,
324 905 602 1026 eteodenivrro
627 953 739 1036 bono,
763 980 856 1051 pono
882 980 958 1028 esse
979 956 1174 1028 ornamenti
1191 959 1269 1030 uni·
1295 957 1324 1046 il
1499 973 1605 1098 β

137 1087 259 1135 versae
287 1063 404 1134 civitat
406 1065 519 1136 1:sin
543 1062 676 1135 videbit
662 1072 740 1150 tur,
765 1089 877 1162 quum
901 1065 1019 1137 omnia
1032 1089 1168 1138 summa
1181 1067 1270 1138 i·ece
1314 1063 1469 1226 fflfflm
1519 1047 1586 1152 ‘'s'

137 1173 206 1276 rit,
243 1180 361 1244 tamen
395 1172 441 1244 ad
474 1172 666 1244 mediocres
700 1181 852 1245 oratores
883 1199 958 1246 esse
982 1183 1065 1246 vent
1067 1199 1168 1260 urus;
1194 1200 1271 1271 per·
1319 1183 1345 1231 l
1357 1127 1512 1330 [Ὧν
1523 1153 1598 1200 Μ

136 1281 313 1353 mittam
303 1281 389 1376 ipsi,
419 1282 616 1376 quidt
531 1281 634 1353 velit·
627 1283 789 1367 ,tmoles
774 1290 832 1356 tus
858 1307 1070 1463 magnopere
1096 1307 1165 1354 nou
1192 1309 1268 1357 ero:
1328 1285 1415 1344 ‘7⁴0

136 1391 194 1463 sin
220 1391 324 1487 plane
349 1390 616 1475 abhorrebit,e
597 1391 723 1463 eterit
748 1391 1002 1476 absurdus3ut
963 1416 1057 1464 use
1074 1392 1268 1479 contineat,

135 1509 200 1572 aut
223 1500 269 1571 ad
293 1499 391 1571 aliud
416 1449 577 1572 studiuni
602 1499 789 1572 transierat
801 1499 1044 1586 wadmonebo
1098 1502 1191 1574 Nam
1208 1526 1269 1573 ne·
1296 1526 1326 1572 aa

135 1632 209 1705 que
246 1609 297 1695 is,
336 1609 399 1704 qui
436 1610 569 1704 optime
593 1618 727 1706 potest,
755 1609 969 1682 deserendus
997 1610 1067 1682 ullo
1091 1610 1196 1682 modo
1220 1619 1272 1684 est

136 1744 159 1789 a
197 1718 438 1790 cohortatione
474 1727 613 1804 nostra,
652 1743 768 1814 neque
801 1720 852 1804 is,
888 1720 950 1814 qui
975 1719 1110 1816 aliquid
1133 1729 1270 1815 potest,

136 1827 389 1912 deterrendum
424 1829 520 1924 quod
552 1829 702 1900 alterum
735 1828 931 1901 divinitatis
963 1829 1051 1900 mihi
1088 1830 1270 1902 cuiusdam

136 1937 300 2023 videtur,
338 1937 506 2023 alterum,
544 1938 600 2009 vel
636 1962 708 2009 nou
744 1938 877 2024 iacere,
917 1938 1009 2034 quod
1041 1962 1112 2010 non
1137 1939 1270 2035 optime

136 2046 275 2141 possis,
309 2046 363 2117 vel
391 2046 523 2132 iacere,
555 2047 651 2142 quod
681 2072 751 2119 non
777 2048 929 2143 pessime
953 2048 1079 2132 faciae,
1107 2048 1268 2121 humani·

136 2155 243 2241 tatis,
276 2156 421 2228 tertium
452 2179 533 2227 vero
563 2156 675 2242 illud,
701 2157 851 2228 clamare
876 2166 996 2229 contra
1021 2181 1127 2252 quam
1151 2157 1270 2230 deceat

105 2294 109 2300 ·
137 2272 175 2336 et
211 2287 318 2359 quam
354 2263 485 2360 possit,
512 2264 666 2338 hominis
690 2273 761 2351 est,
788 2274 829 2337 ut
851 2274 914 2352 tu,
942 2266 1086 2352 Catule,
1112 2266 1156 2337 de
1181 2291 1267 2362 quo·

137 2373 222 2445 dam
250 2372 438 2445 clamatore
468 2373 612 2460 dixisti,
643 2374 810 2447 stultitiae
846 2399 929 2446 suae
962 2399 1068 2470 quam
1097 2375 1269 2471 plurimos

137 2489 247 2554 testes
277 2481 469 2554 domestico
496 2483 682 2578 praeconio
709 2483 917 2579 colligentis.
970 2484 1025 2556 De
1048 2483 1113 2558 hoe
1137 2485 1267 2581 igitur,
1296 2507 1325 2558 ar

136 2706 229 2755 eodem
243 2705 296 2755 iure
309 2705 376 2754 idem
387 2702 492 2754 verbum
498 2705 636 2754 tollendum
645 2712 682 2756 est
766 2709 806 2756 86.
825 2707 1003 2770 quodalterum
1011 2706 1150 2757 divinitatio
1162 2733 1208 2768 -,
1224 2708 1269 2757 lra-

135 2786 163 2833 in
177 2786 231 2841 his,
250 2785 312 2845 quid
325 2786 408 2845 linqua
425 2784 545 2845 [efficere]
556 2785 647 2843 possit.
730 2787 868 2834 munitatis.
889 2789 945 2835 Non
958 2785 1108 2835 intellexisse
1122 2787 1183 2835 mihi
1199 2788 1269 2837 vide-

172 2864 235 2925 quid
246 2863 346 2920 deceat,
364 2863 381 2909 i.
396 2878 418 2911 e.
434 2876 507 2923 quam
522 2863 680 2911 commenda·
729 2870 770 2913 tur
790 2864 921 2913 Pideritius
943 2864 1014 2913 huius
1035 2866 1083 2913 loci
1101 2866 1271 2916 consiliumet

134 2942 232 2990 tionem
246 2942 333 2989 afferet
346 2955 361 2989 e
374 2940 588 3001 formicet-poris,
603 2954 680 3002 aspe-
730 2943 892 3001 sententiam,
921 2943 962 3004 qui
990 2942 1025 2991 sic
1049 2945 1133 3007 legere
1153 2945 1269 2995 suadeat:

135 3019 191 3076 cie,
212 3024 239 3067 et
257 3034 273 3066 e
285 3018 401 3079 reliquis,
417 3033 480 3079 quae
493 3024 679 3068 enumerantur:
731 3022 796 3083 quod
814 3023 935 3080 alterum,
957 3035 1004 3069 aon
1018 3022 1123 3082 facere,
1145 3024 1211 3084 qued
1223 3037 1271 3071 uon

136 3097 204 3146 conf.
234 3101 248 3155 ι
277 3099 309 3145 88
337 3097 391 3145 init.
420 3097 577 3146 Contrarium
598 3101 636 3146 est
661 3098 682 3146 si
730 3100 821 3160 optime
835 3101 931 3161 poecis,
952 3100 1091 3149 divinitatis
1111 3102 1171 3149 milri
1188 3104 1270 3151 metue·

139 3177 265 3223 absurdae
277 3179 322 3224 est.
730 3178 905 3236 demittetur,
920 3179 1036 3236 alterum,
1045 3178 1145 3238 secere,
1153 3180 1218 3241 quod
1223 3194 1272 3228 neu

168 3254 355 3314 eiintelltpam,
374 3266 447 3314 poree
460 3254 495 3301 ad
505 3267 681 3313 eammeeper·
725 3257 832 3316 pessime
846 3258 948 3318 faciae,
977 3257 1140 3306 humanitate}
1157 3286 1205 3317 -,
1226 3258 1270 3307 ab·

135 3332 228 3378 ventre.
263 3332 352 3393 Neque
376 3331 424 3380 hoc
444 3332 505 3379 mihi
524 3329 681 3393 probandum
728 3335 804 3392 iecta,
820 3348 883 3396 quoe
897 3333 1058 3396 hisponitur,
1075 3336 1198 3385 Conieel.
1216 3338 1269 3385 Sci·

135 3410 250 3467 videtur,
263 3414 293 3458 ut
305 3409 359 3470 quis
373 3409 632 3467 nicomedensium,
644 3424 680 3468 sc,
729 3412 788 3460 licet
806 3412 850 3459 illa
864 3411 995 3461 disiunctio
1008 3413 1146 3462 necessario
1164 3415 1272 3475 pertinet

135 3490 261 3545 craterae,
271 3489 417 3550 peruenire,
432 3502 526 3549 neque,
541 3490 608 3550 quod
622 3503 681 3537 mox
729 3491 761 3538 ed
782 3503 854 3548 eum,
874 3490 917 3550 qui
934 3490 1065 3539 mediocris
1077 3496 1175 3539 tentum
1188 3498 1272 3541 orator

136 3567 243 3625 dicitur,
261 3567 296 3613 ad
307 3567 441 3615 mediocres
455 3568 567 3614 oratores
580 3568 677 3615 mire:
729 3573 794 3616 emet
806 3567 919 3625 futurus,
934 3568 973 3617 cui
988 3569 1151 3629 permissurus
1158 3572 1269 3619 eretAn·

135 3646 266 3706 multoque
279 3645 384 3701 melius,
404 3647 474 3693 Brut.
490 3650 502 3703 ς
517 3646 580 3703 263,
595 3647 622 3692 tn
630 3660 678 3705 pa·
727 3646 810 3695 tonius
825 3647 986 3703 alterutrum,
1007 3647 1158 3707 velfacere,
1173 3651 1211 3697 vel
1223 3663 1272 3697 nou

135 3724 266 3770 tronemm
279 3736 408 3771 numerum
418 3724 557 3784 pervenire.
581 3725 619 3771 Ne
626 3724 680 3785 ipsa
723 3723 823 3783 facere.
842 3724 891 3772 Sed
904 3724 930 3771 in
944 3726 1021 3773 altero
1033 3725 1153 3773 eiusmodi
1160 3726 1270 3789 descrip-

135 3801 236 3861 quidem
248 3801 384 3862 appellatio
395 3814 545 3849 ruminarem
552 3803 679 3850 crateres
728 3802 762 3849 tio
776 3801 863 3863 periit,
883 3816 961 3863 quae,
975 3803 1077 3864 reliquis
1091 3818 1135 3852 suo
1148 3805 1204 3853 loco
1218 3819 1270 3853 ser-

134 3879 208 3928 huius
222 3880 273 3927 loci
286 3884 335 3927 eat:
350 3885 376 3927 et
388 3879 468 3942 aptius
486 3894 540 3928 esse
550 3887 678 3941 putarem,
727 3880 807 3938 vetis,
829 3881 864 3929 sic
885 3882 1037 3930 restituenda
1059 3887 1110 3941 est,
1131 3882 1197 3943 quod
1207 3886 1270 3931 alte·

129 3971 203 4017 ponec
216 3958 253 4005 ad
260 3971 356 4005 eamme
362 3959 509 4018 pervenire:
524 3960 680 4019 alterumque
729 3971 799 4016 ram,
815 3959 905 4018 optime
917 3973 1001 4019 posse,
1018 3958 1156 4007 diuinitatis
1167 3988 1210 4009 -.

134 4035 241 4084 fumasse
261 4036 297 4083 sic
316 4035 402 4084 licebit
422 4036 562 4099 corrigere,
581 4037 680 4083 tantem
762 4038 792 4084 de
814 4039 917 4098 quedam
937 4040 1079 4086 clamatore.
1114 4040 1188 4098 Quod
1201 4054 1270 4089 com·

134 4113 268 4161 niedtocete
275 4114 361 4160 orator
368 4113 547 4174 accessura,
562 4114 679 4175 quoniam
729 4115 920 4174 mandaveram,
936 4117 1082 4175 clamatore,
1097 4132 1143 4178 pro
1150 4119 1218 4180 vulg.
1227 4118 1269 4163 de·

136 4191 678 4241 temeninhacrententiaalienissimumest.
729 4194 877 4252 clamatore,
911 4195 1008 4244 adiutus
1035 4195 1179 4244 auctoritate
1207 4197 1268 4245 (lod.

168 4286 245 4331 quam
262 4272 450 4318 emmeramme
458 4272 563 4331 feccrit.
593 4273 680 4331 Neque
729 4272 815 4327 Leia,
831 4272 957 4321 novissimi
970 4274 1271 4335 Editoressusceperunt,

135 4348 198 4405 hoc,
213 4350 438 4409 neceemmefec.,
453 4350 679 4411 quidsitintelligo,
729 4354 755 4397 et
778 4351 895 4399 convenit
916 4351 941 4399 in
962 4352 1046 4412 primis
1067 4366 1118 4412 seq.
1140 4353 1272 4401 domestice

135 4432 203 4474 certe
222 4427 257 4475 ita
278 4435 306 4475 ut
326 4428 462 4477 sententiae
483 4428 629 4485 conveniet,
654 4428 679 4475 in
724 4430 866 4487 praeconio.

136 4518 184 4565 que
204 4505 312 4567 intelligi
334 4506 469 4567 potuisset,
491 4522 566 4568 quem
586 4520 679 4553 emnem
763 4508 804 4555 87.
824 4510 959 4568 aequamur.
996 4508 1175 4571 corrigendum
1194 4514 1269 4570 puto,

137 4596 237 4640 operam
254 4584 362 4631 dederit.
730 4588 867 4646 loquemur.
