3242 5500
376 523 444 592 192
688 539 800 591 urrann
828 539 1029 590 sncuunus
1058 525 1076 604 S
1105 523 1185 593 175.
1337 561 1351 592 ι

372 713 466 786 etin
491 714 588 784 omni
612 711 716 784 read
741 711 930 784 dicendum
955 712 1069 808 posita
1091 711 1272 799 excitatis,
1299 711 1389 785 nihil
1410 715 1482 799 erit,

372 823 468 918 quod
491 831 662 894 oratorem
687 821 841 916 effugere
866 821 996 917 possit,
1023 844 1094 893 non
1119 822 1224 894 modo
1241 823 1279 894 in
1297 823 1483 894 forensibus

374 929 708 1028 disceptationibus,
746 930 810 1002 sed
845 931 990 1003 omnino
1022 931 1059 1002 in
1095 932 1167 1004 ullo
1192 956 1320 1027 genere
1345 932 1483 1004 dicendi.

302 1072 349 1122 rra
377 1038 432 1138 [Si
458 1065 536 1113 vero
560 1048 776 1136 assequetur,
802 1047 843 1111 ut
868 1039 947 1112 talis
969 1039 1141 1126 videatur,
1167 1040 1307 1137 qualem
1332 1065 1369 1114 se
1390 1041 1486 1114 videri

373 1152 477 1238 velit,
514 1157 548 1222 et
581 1149 716 1221 animos
749 1173 870 1220 eorum
906 1147 956 1220 ita
990 1149 1136 1236 afficiat,
1162 1150 1258 1246 apud
1286 1175 1374 1247 quos
1398 1157 1484 1246 aget,

373 1270 414 1334 ut
451 1285 526 1345 eos,
561 1282 783 1354 quocumque
808 1257 910 1343 velit,
937 1258 991 1358 vel
1013 1257 1167 1344 trahere,
1193 1260 1248 1330 vel
1272 1283 1394 1355 rapere
1417 1283 1484 1354 pos·

373 1371 439 1456 sit,
465 1368 555 1442 nihil
574 1368 729 1464 profecto
745 1374 923 1462 praeterea
939 1367 984 1439 ad
1002 1368 1191 1440 dicendum
1207 1364 1394 1464 requiretl.
1421 1370 1485 1440 lam

372 1479 463 1552 illud
497 1476 674 1561 videmus,
710 1499 934 1572 nequaquam
971 1477 1055 1548 satis
1092 1501 1168 1548 esse
1204 1478 1376 1574 reperire,
1412 1477 1485 1574 quid

301 1620 348 1670 nr
374 1590 488 1673 dicas,
514 1586 584 1659 nisi
607 1585 645 1657 id
667 1585 850 1656 inventurn
870 1594 1016 1658 tractare
1037 1587 1161 1682 possis.
1189 1587 1365 1660 Tractatio
1381 1595 1485 1660 autem

372 1699 466 1771 varia
500 1721 575 1769 esse
608 1693 732 1780 debet,
771 1717 817 1765 ne
846 1702 908 1766 aut
939 1707 1125 1790 cognoscat
1157 1704 1268 1767 artem
1293 1697 1356 1792 qui
1378 1696 1484 1782 audit,

373 1816 435 1880 aut
471 1805 681 1900 defatigetur
717 1803 960 1876 similitudinis
998 1806 1166 1878 satietate.
1218 1804 1373 1902 Proponi
1396 1832 1484 1902 opor·

371 1927 443 2005 tet,
470 1915 557 2012 quid
580 1914 722 1986 afferas:
749 1920 801 1999 et,
826 1912 864 1985 id
888 1939 996 2009 quare
1017 1914 1067 1987 ita
1081 1915 1146 2001 sit,
1172 1915 1375 1988 ostendere:
1402 1925 1435 1988 et
1450 1941 1486 1988 ex

372 2026 499 2099 iisdem
521 2024 592 2096 illis
614 2023 699 2095 locis
723 2022 903 2095 interdum
927 2023 1154 2110 concludere,
1180 2023 1377 2121 relinquere
1393 2027 1483 2110 alias,

373 2136 512 2233 alioque
535 2132 701 2206 transire:
730 2156 833 2227 saepe
858 2155 929 2203 non
949 2156 1161 2228 proponere,
1187 2157 1239 2218 ac,
1264 2135 1399 2206 ratione
1420 2135 1486 2230 ipsa

372 2243 568 2328 afferenda,
615 2240 702 2337 quid
753 2241 1021 2336 proponendum
1061 2242 1184 2329 fuerit,
1228 2242 1418 2317 declarare:
1461 2244 1485 2316 si

372 2356 430 2429 cui
474 2353 563 2449 quid
602 2350 717 2423 simile
761 2349 876 2436 diona,
919 2350 1017 2447 prius
1062 2359 1103 2423 ut
1140 2351 1254 2424 simile
1290 2354 1483 2426 confirmes:

373 2463 521 2549 deinde,
552 2460 648 2558 quod
676 2461 811 2554 agitur,
837 2459 1028 2556 adiungas:
1055 2467 1184 2557 puncta
1207 2471 1485 2556 argumentorum

371 2574 579 2670 plerumque
613 2578 654 2641 ut
689 2569 846 2655 coculae,
882 2593 927 2640 ne
964 2568 1056 2664 riuis.
1079 2594 1120 2642 ea
1156 2595 1340 2644 numerare
1365 2573 1483 2668 possit,

406 2866 463 2915 176.
484 2864 518 2926 [ai
537 2876 593 2912 vero
606 2862 763 2921 assequetur,
776 2887 810 2895 —
824 2860 859 2905 ad
870 2860 908 2906 di·
958 2860 1093 2921 Propterea
1113 2859 1236 2918 existimo,
1258 2860 1326 2909 illam
1351 2863 1484 2924 particulam

371 2946 474 2993 cendum
494 2940 627 3003 requiret]
664 2940 683 2987 E
698 2938 836 2986 novissimis
849 2938 910 2986 Edi·
957 2932 1002 2985 'suo
1015 2938 1303 2996 locoinserendamesse,
1316 2940 1361 2999 in§
1372 2943 1424 2999 184,
1434 2946 1485 3003 post

370 3022 464 3072 toribus
484 3034 549 3069 unus
569 3020 693 3079 Kayserus
711 3017 809 3065 videtur
827 3031 909 3065 meam
957 3016 1023 3064 hanc
1036 3016 1198 3075 sententiam,
1210 3031 1301 3081 perere
1314 3019 1377 3066 enim
1391 3020 1483 3081 quodam

371 3101 512 3163 opinionem
519 3096 639 3159 probare,
654 3111 730 3157 quum
737 3095 907 3152 dixissemto·
956 3096 1136 3142 sententiatum
1156 3122 1191 3131 —
1209 3098 1239 3143 ut
1258 3098 1314 3144 boat
1334 3099 1378 3145 oiri
1394 3100 1483 3146 esseni-

370 3186 421 3228 tam
441 3179 507 3225 hanc
526 3175 673 3237 particulam
693 3189 744 3222 non
765 3188 818 3221 esse
835 3173 909 3221 huius
957 3174 1068 3221 dcamur.
1099 3174 1259 3236 Perspicuum
1273 3176 1340 3223 enim
1354 3177 1483 3225 assecredo

371 3257 432 3306 loci:
446 3270 493 3304 nec
506 3268 547 3302 ma
558 3258 642 3301 movet
648 3252 759 3302 Pideritii
765 3252 907 3313 disputatio,
956 3250 1024 3298 illam
1038 3250 1201 3312 particulam,
1216 3253 1247 3301 de
1255 3254 1325 3303 cuius
1332 3255 1483 3303 collocatione

372 3336 413 3397 qui
432 3336 500 3382 hunc
519 3334 603 3382 locum
622 3330 722 3394 egregie
741 3329 908 3392 superioribus
956 3330 1066 3391 agimus,
1080 3330 1204 3391 pertinere
1222 3332 1254 3379 ad
1267 3338 1398 3396 praecepta
1410 3335 1481 3381 amci-

370 3415 419 3463 illis
432 3412 518 3461 subiici
531 3411 667 3460 contendit.
694 3409 812 3458 Nondum
826 3406 907 3456 absol·
957 3407 1094 3455 liundorum
1108 3408 1242 3457 dominam.-
1257 3424 1340 3471 neque
1353 3412 1399 3460 hoc
1411 3410 1481 3474 negli-

371 3498 441 3542 verat
459 3490 595 3548 Antonius,
616 3504 648 3537 ex
666 3488 710 3536 illa
722 3488 844 3549 tripartita
858 3488 907 3535 dis·
956 3486 1079 3548 gendum,
1093 3488 1208 3535 concludi
1221 3488 1291 3536 illam
1305 3489 1483 3539 demonstratio-

370 3571 498 3634 pntatione
511 3584 585 3631 quam
598 3566 768 3624 distribuerat,
783 3580 838 3613 eam
850 3581 908 3627 par-
955 3565 993 3612 nis
1011 3570 1108 3626 partem
1128 3568 1206 3614 multo
1227 3568 1316 3617 melius
1337 3568 1374 3617 hia
1394 3566 1481 3624 verbis,

369 3657 421 3699 tem
441 3664 504 3711 qnae
524 3653 577 3696 erat
594 3646 756 3695 docendorum
768 3646 907 3701 hominum,
955 3642 1019 3691 militi
1030 3644 1064 3691 ad
1073 3645 1203 3692 dicendam
1214 3648 1341 3707 requiret,
1356 3646 1482 3708 quamillis,

334 3726 336 3730 ’
370 3744 434 3792 qnae
454 3724 597 3776 continebat
615 3725 679 3782 hoe,
699 3728 728 3772 nt
748 3724 779 3771 de
792 3724 854 3770 loeis
866 3736 906 3769 ar·
955 3724 985 3769 ut
998 3722 1052 3768 boat
1063 3723 1314 3784 oirieaaevideamar,
1330 3725 1482 3787 quumstatim

370 3812 560 3872 gumentorum,
587 3803 688 3852 omnino
713 3803 744 3849 de
763 3801 907 3850 inventione
954 3805 1011 3862 post
1024 3801 1167 3864 aggreditur
1179 3802 1278 3851 tertiam
1289 3809 1399 3865 partem,
1412 3802 1482 3852 maei-

370 3887 506 3941 diceretur,
522 3896 625 3943 eamqua
638 3885 735 3943 partem
748 3879 907 3941 primamaibi
956 3880 1088 3927 tuendorum
1108 3880 1481 3942 hominum,5185,averbis,

371 3962 543 4027 explicandam
557 3975 610 4009 essa
623 3960 732 4008 dixerat:
747 3958 814 4007 conf.
830 3962 843 4016 ξ
858 3960 906 4006 128
955 3958 1013 4005 laute
1025 3958 1108 4005 autem
1121 3961 1159 4006 eat
1172 3960 1217 4006 illa
1230 3959 1318 4021 dispar
1330 3989 1373 4033 “f

370 4060 408 4105 sq.
441 4042 522 4105 Igitur
538 4039 597 4087 huic
609 4037 767 4100 disputationi
779 4038 907 4085 cumulum
988 4037 1227 4085 tamilladnidemua
1239 4065 1282 4087 —.
1297 4036 1482 4089 Fluctuantlibri

369 4122 474 4184 imponit
491 4119 573 4177 hunc,
595 4122 623 4165 nt
638 4117 718 4173 dicat,
732 4114 860 4163 iamillud
871 4116 906 4163 ιιι·-
954 4114 1019 4163 inter
1039 4116 1089 4163 iam
1109 4120 1135 4164 et
1154 4130 1219 4164 aum.
1252 4117 1302 4165 Sed
1322 4117 1481 4167 verumaide-

370 4203 455 4249 demus
467 4212 619 4261 nequaquam
631 4195 694 4244 actia
706 4209 758 4242 ease
769 4220 815 4252 —‚
831 4198 856 4243 et
865 4208 906 4242 re·
954 4199 995 4242 tur
1014 4208 1066 4243 esse
1081 4196 1176 4243 tamen:
1199 4210 1281 4257 neque
1296 4196 1362 4245 enim
1376 4196 1481 4247 transitur

369 4281 452 4341 liqna,
472 4290 550 4338 usque
571 4276 602 4323 ad
622 4276 696 4322 finem
719 4277 731 4330 5
752 4272 808 4322 177.
843 4273 906 4320 Tum
955 4286 1023 4321 nunc
1037 4274 1069 4321 ad
1082 4274 1150 4321 aliud
1163 4278 1351 4335 argumentum,
1366 4273 1480 4324 sedconi-

371 4360 471 4407 demnm
496 4354 619 4418 significat
645 4366 671 4399 se
698 4352 732 4397 ad
749 4351 794 4398 illa
814 4350 908 4399 nactura
956 4351 1022 4414 gitur
1042 4351 1148 4411 quodam
1169 4346 1305 4411 modo'id,
1320 4353 1480 4415 quoddietum

370 4423 502 4486 venturum
516 4447 585 4490 esse,
601 4436 614 4491 ς
630 4431 691 4488 178,
705 4433 793 4490 quaet
808 4430 854 4476 181
863 4444 906 4491 ap·
956 4434 1017 4477 erat.

371 4516 449 4577 pellat
468 4514 516 4560 duo
535 4512 646 4572 reliqua,
667 4520 757 4569 nempe
774 4508 907 4556 concilian-
992 4505 1047 4557 177:
1063 4508 1480 4571 aeautcaqnoacatartemquinadit.

340 4616 343 4621 ·
372 4595 459 4641 datam
485 4592 622 4645 dominum,
654 4592 679 4635 et
699 4586 907 4634 mactandorum.
956 4588 1029 4635 Nunc
1049 4600 1147 4647 qnoque
1168 4587 1343 4649 corrigendum
1362 4600 1443 4635 censeo
1454 4598 1479 4630 a·
