3242 5500
430 576 543 624 vanua
570 577 771 626 sncnnnus
800 561 817 639 §
846 559 927 627 256.
1173 563 1243 632 227

124 749 254 819 cuidam
290 748 456 833 dixisset,
491 747 629 821 Eunias
667 749 946 824 deambulatum:
979 760 1014 823 et
1039 751 1118 837 ille,
1149 750 1246 834 Quia

123 882 205 952 opus
228 852 308 950 fait
340 859 414 929 nn?
443 853 558 930 Immo
584 884 681 944 earo,
707 859 961 956 inquit,·pca'd
981 885 1067 954 aprus
1083 857 1161 955 facit
1185 863 1242 935 te?

122 975 178 1038 aut
211 967 367 1040 eiusdem
402 969 582 1063 responsio
602 968 682 1054 illa,
708 965 751 1040 Si
770 982 809 1040 ta
832 983 864 1040 et
886 969 1066 1056 adversar,
1092 983 1125 1043 at
1146 995 1240 1044 oner-

122 1101 176 1148 tuo
204 1075 400 1170 impculiaus
429 1101 475 1148 es.
536 1077 655 1149 Etiam
687 1077 929 1173 interpretatio
959 1079 1111 1151 nominis
1136 1078 1242 1153 habet
1267 1099 1312 1149 aa

122 1210 282 1271 acumen,
321 1211 432 1281 quum
467 1186 512 1258 ad
548 1186 737 1259 ridiculum
773 1196 974 1274 convertas,
1013 1188 1241 1284 quamobrem

122 1296 271 1389 itaquis
297 1304 453 1368 vocetur:
488 1304 529 1367 ut
562 1321 628 1392 ego
653 1321 767 1392 nuper
792 1297 1002 1370 Nummium
1033 1297 1239 1385 divisorem,
1323 1390 1325 1396 s

121 1415 156 1476 ut
177 1405 448 1500 Neoptolemum
469 1405 516 1476 ad
537 1406 692 1492 Troiam,
719 1406 768 1478 sio
792 1406 893 1478 illum
915 1407 951 1478 in
971 1430 1093 1502 campo
1111 1407 1241 1480 Martio

120 1539 242 1587 nomen
267 1515 454 1586 invenisse.
505 1514 625 1611 Atque
643 1515 863 1588 haecomnia
880 1515 984 1588 verbo
1002 1517 1237 1589 eontinentur.

164 1624 276 1720 Saepe
311 1624 418 1696 etiam
453 1648 573 1696 versus
606 1626 717 1697 facete
739 1626 995 1721 interponitur,
1021 1625 1076 1696 vel
1100 1634 1141 1698 ut
1166 1635 1238 1712 est,
1266 1631 1311 1698 ol

118 1735 168 1805 vel
188 1734 388 1830 paullulum
412 1733 637 1819 immutatus,
668 1729 746 1829 [aut
769 1735 887 1830 aliqua
911 1759 991 1830 pars
1016 1758 1136 1806 versus
1144 1731 1170 1831 3]
1198 1745 1238 1808 ut

119 1843 215 1916 Statii
250 1868 271 1914 a
306 1843 435 1914 Scauro
469 1842 719 1917 stomachanti:
760 1868 803 1914 ex
838 1867 909 1938 quo
946 1851 1029 1915 sunt
1054 1845 1237 1932 nonnulli,

118 1953 173 2048 qui
203 1962 304 2024 tuam
329 1952 444 2046 legem
468 1951 676 2024 decivitate
701 1960 839 2038 natam,
867 1952 1013 2038 Crasse,
1040 1952 1176 2027 dicant:

160 2058 219 2149 Sl,
252 2075 376 2148 tacete,
407 2060 496 2156 qaid
519 2061 579 2134 loc
605 2060 791 2142 clamoris?
823 2062 918 2156 qaas
942 2087 1001 2135 aaa
1023 2075 1154 2152 mater,
1177 2089 1237 2136 nee

104 2185 225 2264 ‚putem
440 2263 446 2274 ὁ
1032 2163 1039 2176 ’

163 2281 279 2353 Tanta
304 2279 538 2376 confidentia?
561 2276 698 2374 auferte
720 2279 826 2352 lotum
854 2279 947 2353 enim
971 2279 1176 2374 superbiora.

116 2390 204 2460 Nam
236 2390 277 2460 in
313 2389 433 2460 Caelio
463 2413 546 2462 sane
570 2389 675 2460 etiam
701 2389 746 2461 ad
768 2413 907 2461 oausam
931 2389 1019 2461 utile
1043 2389 1110 2461 fuit
1134 2399 1237 2462 tuum

115 2499 219 2585 illud,
245 2498 402 2583 Antoni;
430 2498 626 2594 quumille
650 2523 671 2569 a
693 2523 729 2570 se
742 2499 928 2594 pecuniam
941 2499 1129 2593 profectam
1143 2499 1237 2572 dice·

115 2617 163 2680 ret
204 2609 330 2693 testis,
379 2616 413 2679 et
460 2606 604 2679 haberet
640 2608 755 2680 filium
791 2606 1047 2693 delicatiorem,
1084 2607 1236 2682 abeunte
1333 2686 1338 2696 ,

114 2719 179 2790 iam
203 2718 286 2804 isso,

158 2824 292 2901 Scatia’
311 2851 423 2899 senem
442 2851 512 2899 esse
531 2839 663 2899 tactam
702 2825 849 2923 triplam
868 2825 1000 2899 minio?

114 2936 153 3008 ln
187 2936 255 3009 hoc
288 2960 402 3031 genus
430 2936 666 3007 coniiciuntur
695 2934 895 3032 proverbia:
914 2943 962 3025 ut
986 2934 1075 3007 illud
1101 2936 1233 3032 Scipio·
1261 2958 1306 3004 aar

113 3048 187 3134 uis,
213 3071 327 3142 quum
349 3045 490 3118 Asellus
512 3070 634 3117 omncs
648 3046 842 3142 provincias
857 3044 1234 3139 stipendiamerentem

113 3182 147 3229 se
179 3180 385 3251 peragrasse
420 3155 647 3251 gloriaretur,
688 3153 787 3251 Apus
823 3154 967 3227 asellam
1004 3150 1056 3249 [et
1089 3152 1231 3252 cetera}

112 3267 227 3343 Quare
252 3290 295 3337 ea
319 3289 479 3361 quoque,
504 3263 670 3359 quoniam
695 3265 839 3336 mutatis
864 3262 978 3335 verbis
999 3288 1071 3335 non
1089 3273 1236 3359 possunt

110 3377 257 3447 retinere
284 3375 433 3445 eandem
457 3381 696 3458 venustatem,
729 3396 801 3444 non
827 3373 864 3443 in
887 3397 945 3458 re,
971 3372 1033 3444 sed
1058 3373 1103 3445 in'
1121 3374 1234 3446 verbis

109 3486 219 3579 posita
256 3484 440 3555 ducantur.
492 3482 556 3554 Est
579 3483 684 3554 etiarn
709 3483 747 3555 iu
765 3480 877 3553 verbo
901 3482 1056 3576 positum
1082 3506 1152 3553 non
1177 3484 1231 3554 in·
1257 3510 1306 3553 aar

111 3594 241 3665 sulsum
274 3615 387 3687 genus
420 3616 464 3663 ex
498 3615 558 3677 eo,
585 3615 695 3687 quum
729 3591 775 3663 ad
799 3590 964 3675 verbum,
990 3612 1060 3661 non
1085 3590 1130 3661 ad
1153 3616 1231 3663 sen·

109 3705 270 3788 tentiam,
297 3726 372 3773 rem
396 3701 553 3797 accipere
577 3701 733 3775 videare:
758 3725 801 3771 ex
827 3723 897 3796 quo
911 3725 982 3772 uno
995 3722 1123 3795 genere
1136 3708 1231 3772 totus

110 3822 158 3885 est
178 3814 313 3897 Tutor,
338 3806 484 3905 [mimus
508 3805 646 3905 vetuo,]
672 3809 802 3906 oppido
827 3809 1009 3881 ridiculus.
1050 3809 1119 3881 Sed
1144 3809 1231 3881 abeo

109 3946 128 3992 a
149 3923 288 3994 mimis:
313 3928 451 3992 tantum
473 3941 586 4014 genus
610 3918 726 3991 huius'
739 3918 881 3990 ridiculi
905 3918 1037 4015 insigni
1062 3919 1179 4015 aliqua
1198 3928 1231 3991 et

109 4039 187 4103 nota
221 4055 261 4102 re
294 4030 410 4100 notari
441 4029 529 4099 volo.
581 4028 646 4101 Est
670 4035 787 4100 autem
812 4052 855 4099 ex
880 4027 945 4099 hoe
970 4052 1098 4123 genere
1120 4027 1230 4114 illud,

107 4358 131 4406 in
140 4362 248 4409 candem
255 4365 314 4408 ante
320 4357 434 4406 incidisse
441 4358 574 4416 Orellium,
588 4363 645 4420 post
691 4357 871 4407 simulanti:
893 4363 1001 4407 ceterum
1016 4358 1099 4407 locum
1112 4364 1179 4408 recte
1192 4360 1229 4407 in-

107 4437 204 4487 demum
216 4438 306 4487 inveni
318 4438 368 4485 hoc
379 4437 476 4499 ipsum,
494 4436 521 4485 in
534 4438 643 4486 Onoma-
692 4442 850 4500 terpretatur.

107 4518 164 4566 mco
176 4514 643 4576 TullianoPart.III.Praefat.p.IX,
726 4518 783 4564 258.
804 4516 842 4578 [el
859 4515 965 4575 cetera}
1000 4514 1105 4573 Ethoo,
1121 4520 1229 4576 etmox,
1267 4512 1271 4521 ’

107 4609 154 4656 sq„
168 4596 210 4658 qui
220 4602 308 4643 tamen
319 4595 415 4642 mavult
427 4596 457 4640 at
468 4592 544 4640 stara
552 4592 644 4641 Scauro
693 4597 705 4652 ς
719 4596 777 4651 259,
792 4595 881 4641 mimae
893 4596 974 4650 actua,
989 4593 1164 4654 interpolatum
1179 4601 1229 4645 est:
