3242 5500
350 544 395 613 70
691 558 803 607 urana
831 558 969 606 animos
996 540 1014 619 §
1041 539 1122 608 166.

350 734 503 819 diceret,
529 732 622 827 turpi
649 731 778 803 tutelae
801 730 930 802 iudicio
950 738 1056 825 atque
1076 729 1172 800 omni
1192 729 1363 815 molestia,
1387 730 1472 802 stul-

279 844 430 917 tortitia
469 842 676 926 adversarii,
713 841 930 912 liberaretur.
986 839 1063 934 Ego
1087 863 1168 910 vero
1192 840 1300 924 istos,
1335 840 1472 935 inquit,

359 952 520 1041 (memini
539 950 633 1023 enim
653 950 740 1022 mihi
763 973 903 1021 narrare
923 949 1098 1035 Mucium)
1119 973 1190 1020 non
1207 948 1310 1020 modo
1328 948 1472 1021 oratoris

351 1062 516 1147 nomine,
552 1062 612 1133 sed
645 1084 689 1131 ne
722 1060 796 1131 loro
830 1060 974 1155 quidem
999 1058 1126 1153 dignos
1147 1058 1309 1154 putarim.
1361 1058 1473 1154 Atqui

352 1196 422 1244 non
455 1170 567 1243 deluit
604 1170 674 1242 illis
706 1170 885 1266 patronis,
919 1168 1034 1263 inquit
1059 1168 1228 1253 Crassus,
1251 1168 1471 1263 eloquentia,

352 1305 467 1377 neque
500 1279 640 1353 dioendi
670 1280 759 1351 ratio
794 1287 854 1350 aut
888 1278 1003 1374 eopia,
1032 1276 1094 1348 sed
1117 1276 1202 1348 iuris
1223 1276 1334 1349 civilis
1361 1278 1470 1350 seien-

349 1392 398 1463 tia
459 1390 554 1485 quod
591 1390 679 1461 alter
712 1388 815 1485 plus,
853 1387 930 1482 lege
967 1385 1126 1482 agendo,
1163 1384 1328 1482 petebat,
1366 1411 1472 1482 quam

349 1509 522 1597 quantum
557 1498 614 1569 lex
652 1493 704 1593 [in
738 1496 924 1569 duodecim
946 1490 1094 1590 tabulis]
1124 1496 1327 1589 permiserat
1339 1530 1349 1582 ;
1378 1496 1473 1592 quod

349 1633 459 1706 quum
480 1608 718 1703 impetrasset,
743 1629 847 1678 causa
871 1604 1025 1689 caderet3
1050 1604 1138 1677 alter
1151 1604 1314 1700 iniquum
1324 1605 1472 1699 putabat

348 1718 428 1814 plus
453 1738 570 1790 secum
593 1717 672 1812 agi,
699 1738 805 1811 quam
828 1714 923 1809 quod
946 1722 1019 1785 erat
1042 1714 1078 1785 in
1102 1714 1259 1800 actione,
1282 1738 1398 1809 neque
1417 1716 1471 1785 in·

347 1825 550 1923 telligebat,
588 1827 617 1899 si
650 1827 699 1898 ita
724 1832 816 1897 esset
840 1831 979 1908 actum,
1006 1823 1105 1895 litem
1130 1822 1368 1895 adversarium
1393 1819 1471 1920 per-

348 1936 515 2008 diturum.

275 2054 321 2123 37
398 2045 524 2123 Quid?
555 2046 610 2118 his
642 2044 763 2142 paucis
786 2043 932 2128 diebus,
956 2065 1095 2128 nonne,
1116 2041 1218 2114 nobis
1243 2042 1280 2113 in
1303 2040 1473 2115 tribunali

277 2156 323 2201 ¹⁶⁸
350 2158 395 2233 Q.
433 2155 612 2252 Pompeii,
654 2150 840 2251 [praetoris
864 2152 991 2224 urbani
1003 2147 1030 2247 ,]
1053 2150 1233 2223 familiaris
1257 2152 1392 2239 nostri,
1417 2176 1471 2223 se-

243 2314 245 2320 s
347 2264 534 2352 dentibus,
569 2264 673 2335 homo
706 2288 748 2335 ex
781 2284 928 2334 numero
957 2261 1165 2333 disertorum
1189 2260 1412 2356 postulabat,
1431 2270 1473 2333 ut

346 2375 420 2461 illi,
452 2374 547 2445 unde
572 2382 767 2470 peteretur,
789 2380 889 2444 vetus
913 2379 1020 2467 atque
1042 2370 1172 2442 usitata
1193 2370 1351 2466 exceptio
1371 2370 1469 2443 dare·

346 2492 419 2571 tur,
457 2477 566 2556 Ouios
593 2482 762 2577 ‘paeoniae
792 2481 865 2556 dias
887 2476 1044 2574 suisset?
1076 2478 1171 2574 quod
1189 2479 1350 2575 petitoris
1368 2504 1472 2551 causa

264 2627 273 2638 ·
346 2600 585 2689 comparatum
604 2616 679 2663 esse
697 2616 769 2663 non
789 2588 1031 2685 intelligebat,
1057 2597 1118 2674 ut,
1145 2588 1174 2660 si
1187 2588 1246 2660 ille
1266 2583 1468 2685 [infitiator]

346 2701 526 2800 probasset
554 2701 684 2791 iudici,
724 2709 805 2773 ante
838 2700 985 2796 petitam
1016 2698 1329 2794 essepeouniam,
1364 2724 1470 2795 quam

347 2901 642 2914 --.,..-..---..--

345 3033 370 3080 p.
393 3018 455 3073 141,
475 3017 533 3066 item
555 3018 696 3066 coniectura
716 3031 746 3064 ex
768 3016 816 3065 hoe
828 3018 885 3065 loeo
935 3020 959 3064 et
978 3015 1089 3078 neglexit
1101 3019 1230 3076 praeterea
1242 3015 1318 3063 aliurn
1332 3029 1386 3064 esse
1399 3027 1472 3076 posse

346 3095 435 3153 dueta,
454 3095 487 3142 ad
500 3109 523 3143 a.
538 3109 562 3142 ιι.
579 3095 627 3144 647
641 3093 727 3143 refert.
751 3095 794 3142 Ca.
810 3093 884 3141 Oeta·
934 3095 1090 3156 Hypsaeum,
1103 3104 1203 3154 nempe,
1214 3096 1242 3142 ut
1253 3093 1359 3142 coniecit
1369 3094 1471 3156 Pighius

345 3173 425 3232 aium,
448 3173 490 3234 qui
503 3173 572 3220 tomo
586 3173 723 3221 consularis
735 3173 884 3234 appellatur,
933 3170 993 3219 ibid.
1013 3187 1039 3233 p.
1062 3173 1125 3228 148,
1146 3172 1225 3219 filium
1245 3171 1296 3220 eius
1316 3173 1359 3232 qui
1376 3173 1471 3221 Consul

345 3250 419 3300 video
438 3251 630 3314 intelligendum
651 3265 704 3299 esse
718 3265 790 3308 eum,
805 3251 848 3312 qui
861 3265 885 3300 a.
932 3250 1023 3299 fuerat.
1053 3250 1159 3298 Tantum
1176 3249 1235 3297 hinc
1248 3249 1355 3308 exsistit,
1374 3251 1470 3301 nuliam

345 3343 371 3376 u.
394 3329 442 3377 626
463 3329 557 3378 Consul
576 3325 787 3388 fuit,sedquu1n
801 3327 885 3376 multis
933 3341 987 3377 esse
1006 3327 1170 3376 temeritatem
1189 3328 1216 3375 in
1234 3328 1315 3390 Pighii
1327 3328 1470 3378 coniectura

346 3405 416 3456 annis
436 3412 492 3469 post
509 3407 637 3456 consulare
651 3406 715 3454 iilud
727 3419 818 3454 nomen
832 3420 884 3454 ser·
933 3405 1015 3470 (quod
1034 3407 1128 3456 Orellio
1148 3406 1246 3454 videtur
1265 3405 1291 3453 in
1313 3407 1471 3459 Onomastico.

345 3485 398 3533 vari
415 3487 520 3543 soleret,
540 3485 602 3533 nihil
622 3485 729 3547 pertinet
749 3485 781 3532 ad
801 3483 885 3531 iudicii
933 3500 959 3545 p.
973 3484 1035 3542 346,
1049 3484 1089 3542 b),
1111 3486 1154 3532 sed
1168 3485 1306 3533 confirmari
1320 3499 1376 3532 eam
1388 3485 1470 3546 potius

345 3565 413 3612 istius
433 3579 525 3612 annum
542 3563 709 3612 definiendum
723 3577 802 3612 annus
817 3563 883 3612 Con·
934 3575 989 3609 mea
1002 3563 1154 3624 suspicione,
1170 3562 1237 3624 loqui
1252 3563 1367 3611 Crassum
1380 3563 1413 3611 de
1425 3563 1469 3620 iis,

345 3644 448 3694 sulatus.
482 3643 567 3691 Restat
587 3641 727 3703 Hypsaeus,
753 3655 826 3702 quem
847 3641 885 3689 vir
933 3639 1086 3703 quibusipae
1101 3655 1216 3702 praesens
1229 3641 1383 3690 interfuerat.

345 3720 566 3784 praestantissimus
590 3720 650 3768 dicit
677 3735 729 3768 esse
751 3721 787 3768 M.
808 3721 883 3768 Plau·
968 3718 1024 3768 167.
1043 3722 1162 3778 quantum
1182 3721 1223 3766 lea
1243 3718 1352 3781 [taxii
1365 3721 1468 3782 tabam]

344 3799 406 3847 tiam
420 3801 577 3860 Hypsaeum,
594 3799 650 3848 Cos.
665 3800 791 3856 ι.ιι.629;
807 3812 884 3858 eaque
928 3797 1088 3856 permiserat.
1122 3799 1178 3846 Non
1191 3798 1226 3846 ita
1239 3799 1303 3846 solet
1315 3798 1405 3848 Cicero
1418 3800 1468 3847 xii

346 3876 487 3925 definitione
500 3877 595 3938 reliqua
608 3878 690 3925 omnia
704 3877 748 3926 niti
755 3877 882 3924 videntur:
932 3873 1082 3923 Tabularum
1094 3876 1262 3925 auctoritatem
1270 3877 1411 3939 appellare,
1425 3876 1469 3924 sed

345 3968 418 4013 nam,
432 3954 519 4016 inquit,
538 3957 666 4016 Hypsaeus
678 3969 729 4004 non
744 3956 884 4017 appellatur
933 3957 1007 4017 leyem
1024 3953 1080 4002 XII
1091 3955 1239 4002 tesaurum.
1264 3955 1314 4002 Sed
1326 3958 1407 4003 totum
1420 3954 1469 4001 hoo

261 4035 263 4038 ’
345 4034 496 4092 consularia,
513 4038 541 4082 ut
555 4034 687 4091 Octavium
700 4033 883 4096 igiturneeesse
930 4031 1049 4080 indicium
1061 4032 1165 4080 otiosum
1173 4032 1351 4090 mihividetur,
1363 4033 1468 4094 ideoque

346 4116 383 4160 est
400 4116 456 4160 ante
469 4112 535 4160 illius
549 4112 705 4160 consulatum
718 4111 837 4159 iudicium
851 4111 881 4159 il·
930 4110 1020 4159 inclusi
1032 4109 1076 4159 illa
1089 4109 1174 4159 verba.

345 4188 390 4236 lud
402 4189 487 4238 fuisse.
505 4191 554 4239 Sed
567 4189 679 4247 reticuit,
695 4189 811 4251 quoniam
825 4204 881 4238 eon·
965 4189 1031 4253 quod
1050 4203 1124 4251 quam
1145 4191 1315 4250 impetrasset,
1337 4205 1411 4238 cauea
1427 4204 1467 4238 ea·

344 4268 436 4315 antarta
459 4268 526 4316 tomo
547 4268 635 4316 dieitur
656 4269 787 4326 Octavius,
809 4270 882 4317 utin
931 4267 1010 4315 deret.
1052 4268 1208 4319 Coniunctivi
1229 4269 1255 4316 h.
1276 4269 1294 4316 i.
1316 4271 1386 4317 nulla
1406 4270 1469 4318 ratio

344 4349 412 4393 tanta
425 4343 544 4408 dignitate
557 4345 724 4394 admirabilior
739 4345 881 4410 essetigno·
929 4345 1000 4394 reddi
1014 4351 1103 4408 potest.
1139 4347 1335 4410 Corrigendum,
1350 4347 1466 4405 rodebat,

343 4423 423 4472 rantia
442 4423 500 4472 iuris
520 4425 614 4482 civilis,
642 4425 667 4471 in
689 4425 804 4486 Hypsaeo
825 4425 882 4472 addi
930 4425 946 4474 i.
968 4441 990 4473 e.
1013 4439 1113 4474 neeesse
1134 4430 1187 4477 erat
1207 4439 1263 4473 eum
1282 4439 1355 4474 eausa
1369 4426 1467 4480 eadere.

345 4502 452 4562 potuisse
461 4503 617 4562 praetoriam
631 4501 719 4560 fuisse,
734 4508 776 4551 aut
791 4517 880 4551 consu·
930 4502 968 4552 De
995 4517 1042 4551 usu
1066 4504 1197 4552 indicativi
1216 4506 1337 4552 nonnulla
1357 4504 1467 4556 eiusdem

344 4581 422 4628 latum
435 4585 495 4628 tunc
509 4580 638 4642 petivisse,
654 4581 740 4634 eadem
752 4581 782 4630 de
795 4595 879 4630 causa:
930 4583 1027 4644 generis
1048 4583 1142 4638 monuit
1163 4583 1266 4652 Madvig
1285 4585 1395 4639 Gratum.
1410 4585 1467 4638 Lat.
