3242 5500
423 561 536 611 urana
563 560 764 609 suesanus.
793 542 812 622 ὃ
839 542 896 613 72.
1152 542 1222 613 149

103 733 194 805 exitu
223 740 258 803 et
283 732 423 805 victoria
448 731 643 821 iudicatur,
669 731 732 803 ubi
756 730 857 803 adest
881 740 1034 805 armatus
1063 732 1222 805 adversa·

103 844 189 927 rius,
215 842 278 937 qui
303 842 349 914 sit
374 850 409 913 et
432 841 634 927 ferienduS,
661 848 694 913 et
717 841 962 937 repellendus,
985 841 1224 938 uhisaepeis,

102 950 159 1047 qui
189 951 241 1022 rei
272 950 436 1023 dominus
460 952 602 1023 futurus
624 958 695 1037 est,
721 950 857 1022 alienus
879 959 986 1046 atque
1007 951 1138 1038 iratus,
1163 959 1225 1023 aut

102 1061 202 1131 etiam
228 1060 361 1132 amicus
385 1060 581 1132 adversario
606 1066 642 1131 et
666 1059 831 1131 inimicus
851 1059 918 1132 tibi
942 1067 1013 1133 est:
1040 1060 1103 1157 qui
1114 1086 1225 1156 quum

101 1177 158 1241 aut
192 1167 372 1242 docendus
408 1177 481 1255 est,
514 1176 576 1241 aut
609 1167 854 1255 dedocendus,
886 1177 947 1241 aut
958 1169 1223 1267 reprimendus,

101 1287 158 1351 aut
196 1278 419 1365 incitandus,
464 1288 526 1351 aut
570 1278 668 1350 omni
713 1278 849 1349 ratione
896 1278 941 1350 ad
981 1287 1143 1374 tempus,
1178 1279 1224 1351 ad

101 1412 235 1459 eausam
270 1389 425 1460 oratione
467 1386 720 1473 moderandus;
762 1387 799 1459 in
837 1411 908 1483 quo
942 1412 1046 1485 saepe
1070 1387 1221 1474 benevo-

101 1497 204 1570 lentia
229 1496 275 1569 ad
298 1497 441 1584 odium,
467 1497 589 1569 odium
613 1497 659 1569 ad
682 1495 963 1569 benevolentiam
975 1496 1222 1569 deducendum

101 1614 168 1691 est;
201 1608 265 1703 qui
297 1614 477 1702 tamquam
509 1606 768 1679 machinatione
792 1606 911 1702 aliqua
933 1614 1010 1679 turn
1031 1605 1077 1679 ad
1097 1606 1221 1678 severi-

101 1724 224 1801 tatem,
261 1724 339 1788 tum
363 1716 408 1787 ad
431 1716 673 1789 remissionem
697 1716 827 1802 animi,
852 1725 929 1790 tum
953 1715 999 1788 ad
1021 1715 1222 1801 tristitiam,

101 1835 172 1897 turn
195 1824 242 1897 ad
267 1825 437 1899 laetitiam
462 1834 515 1898 est
539 1824 1020 1921 contorquendus,omnium
1033 1826 1224 1897 sententia·
1248 1839 1279 1891 rs

101 1960 174 2007 rum
198 1934 394 2030 gravitate,
420 1936 579 2009 omnium
603 1933 789 2006 verborum
814 1933 1030 2030 ponderibus
1053 1942 1221 2008 estuten·

101 2043 196 2130 dum;
221 2052 301 2115 tum
322 2043 462 2117 accedat
486 2050 624 2140 oportet
647 2044 738 2117 actio
761 2044 871 2130 varia,
894 2043 1099 2131 vehemens,
1120 2044 1225 2140 plena

101 2153 222 2239 animi,
261 2146 382 2249 [plena
407 2153 551 2250 spiritus
562 2148 589 2249 ,]
617 2154 721 2249 plena
745 2153 896 2240 doloris,
922 2153 1028 2248 plena
1051 2155 1222 2227 veritatis.

102 2262 140 2334 In
173 2263 227 2335 his
266 2263 431 2359 operibus
468 2264 498 2335 si
534 2264 613 2360 quis
645 2263 742 2337 illam
764 2270 876 2335 artem
900 2261 1223 2358 comprehenderit,

101 2381 155 2458 ut,
178 2380 362 2469 tamquam
386 2372 548 2459 Phidias,
574 2372 754 2446 Minervae
778 2372 922 2467 signum
942 2371 1076 2443 efficere
1096 2374 1224 2468 possit,

102 2504 166 2553 non
199 2506 305 2569 sane,
340 2481 638 2579 quemadmodum
668 2482 705 2553 in
730 2482 843 2578 clipeo
866 2480 962 2554 idem
986 2480 1133 2569 artifex,
1159 2481 1224 2555 mi-

101 2615 181 2663 nora
204 2592 268 2664 illa
292 2616 396 2689 opera
420 2592 533 2664 facere
561 2586 704 2687 [discat]
732 2590 916 2669 laborabit.

146 2700 235 2774 'lum
263 2700 431 2788 Catulus,
458 2702 540 2778 Quo
563 2701 630 2774 iste
654 2700 784 2774 maiora
804 2726 844 2775 aa
864 2700 1224 2788 mirahihorafecisti,
1253 2714 1297 2784 18

101 2835 137 2882 eo
166 2836 223 2884 me
250 2811 363 2884 maior
385 2810 599 2907 exspectatio
623 2818 744 2897 tenet,
769 2810 984 2906 quibusnam
1006 2811 1221 2900 rationibus,
1249 2841 1282 2894 m

100 3017 152 3065 inde
165 3017 289 3076 acerbis,
305 3031 380 3078 quum
393 3017 438 3064 aut
449 3017 579 3075 docendus,
594 3029 636 3064 us·
686 3029 737 3064 non
750 3015 859 3064 alienum
871 3021 1026 3076 estmonere,
1040 3016 1226 3080 dicinonposse

102 3107 143 3156 que
156 3096 187 3143 ad
199 3095 407 3158 contorquendus.
425 3096 519 3143 iustam
530 3095 636 3143 formam
686 3095 809 3152 laborare,
825 3095 1025 3157 queamdmodum
1033 3096 1147 3158 factam,
1161 3101 1225 3146 tarn·

100 3173 146 3220 istis
164 3174 301 3223 restituisse
318 3173 379 3221 mihi
393 3173 494 3232 videor,
508 3173 637 3223 levissimis
686 3186 759 3234 quam
780 3172 800 3220 si
819 3174 931 3221 laborare
944 3176 1008 3222 esset
1020 3173 1038 3221 i.
1053 3189 1078 3235 q.
1092 3189 1226 3236 gemerem,-

101 3252 271 3301 mutationibus
285 3266 353 3301 usus.
371 3253 452 3315 Igitur
465 3252 496 3300 de
507 3267 563 3301 meo
571 3252 637 3301 edidi
686 3249 730 3298 sed
743 3247 791 3296 dici
805 3249 931 3306 mborare,
944 3249 1096 3309 utstatim,
1110 3256 1152 3301 aut
1160 3253 1225 3302 ludo-

101 3329 139 3387 qui
155 3343 228 3391 quum
241 3331 290 3376 aut
304 3328 425 3376 docendus
438 3330 489 3385 est,
507 3327 602 3377 abiecto
616 3330 638 3375 is
687 3340 746 3375 rore
760 3326 866 3386 fucere,
884 3331 928 3376 aut
948 3329 995 3375 lob.
1009 3330 1037 3375 iu
1050 3330 1132 3391 aliquo
1145 3344 1225 3390 opere.

101 3411 151 3465 post
163 3407 301 3456 docendus:
317 3407 387 3456 omisi
397 3408 493 3465 autem,
508 3412 564 3468 post
575 3408 636 3455 alte·
686 3407 826 3464 Praeterea,
834 3404 1135 3464 absurdumestladorare,
1143 3422 1225 3469 mem.

101 3498 149 3532 rum
169 3487 268 3542 odium,·
283 3486 416 3546 addidique
431 3487 483 3533 tum
498 3490 554 3534 ante
568 3499 637 3533 uace-
686 3483 817 3533 admodum
835 3483 936 3532 discam.
970 3485 1063 3548 Igitur,
1077 3484 1174 3534 abiecto
1188 3487 1225 3535 di-

101 3563 147 3610 dat.
166 3565 360 3623 lnfinehorum,
374 3563 417 3612 uhi
424 3570 491 3613 recte
499 3564 638 3626 postulatur
685 3563 755 3620 scat,
769 3563 839 3611 locus
853 3563 888 3610 sic
901 3563 949 3614 fuit
962 3563 1164 3622 constituendus,
1179 3581 1227 3614 raon

101 3641 159 3688 actio
173 3644 251 3702 plena
273 3643 363 3701 animi,
389 3641 430 3707 (ut
449 3644 520 3691 Brut.
541 3647 553 3701 ξ
576 3640 637 3706 268)
684 3655 758 3698 saue,
787 3640 988 3702 quemadmodum
1014 3641 1042 3688 ia
1066 3643 1142 3703 clipeo
1161 3643 1227 3692 idem

101 3715 261 3768 obiiciendum
301 3725 339 3770 est
374 3721 636 3782 interpretamentum,
685 3720 800 3781 ortissu,
822 3719 917 3768 maora
936 3719 982 3767 illu
1002 3721 1176 3781 operafacere
1189 3727 1225 3771 lu-

96 3798 166 3855 plma
188 3799 314 3858 epiritus:
340 3799 459 3847 indicium
478 3803 591 3848 tenemus
611 3797 637 3846 in
686 3799 788 3846 iurabit.
807 3797 953 3856 Pideritius‚
967 3797 1226 3859 quiverbaidemor·

101 3875 157 3924 Cod.
172 3877 260 3936 Leia,
275 3877 302 3926 in
316 3877 384 3926 ouius
396 3892 476 3941 marg.
484 3877 546 3926 haec
554 3880 637 3926 notata
686 3877 753 3937 tifex
780 3892 827 3938 pro
854 3878 1001 3940 glossemate
1028 3875 1151 3938 hahebat,
1176 3896 1227 3930 non

100 3959 164 4012 suut,
178 3957 211 4003 αι’.
227 3956 245 4003 i.
260 3969 334 4016 apua,
349 3955 366 4004 i.
381 3969 403 4004 a.
417 3957 493 4003 animi
505 3955 533 4002 id
542 3955 637 4015 catapi-
685 3954 805 4013 effendit,
827 3954 853 4002 in
874 3955 921 4004 hae
934 3956 1071 4005 sententiae
1083 3962 1154 4020 parte
1167 3958 1226 4007 sub-

100 4033 174 4080 rutus.-
193 4039 263 4092 tum,
280 4036 403 4083 Graecum
416 4035 526 4099 φρόνημα
533 4048 584 4082 non
592 4033 638 4082 nisi
684 4033 776 4082 iectum
797 4033 888 4083 diserte
908 4039 937 4083 ut
956 4034 1107 4084 indicaretur
1126 4039 1230 4098 requiri.

100 4111 183 4171 plurali
202 4126 312 4160 numero
327 4113 433 4173 spiritus
446 4112 549 4161 dicitur:
569 4111 636 4160 conf.
686 4114 775 4160 Forma
790 4117 829 4162 est
842 4113 1031 4174 comparationis
1038 4115 1164 4179 negantis,
1179 4117 1228 4168 hoc

101 4188 171 4248 ΠΗ
191 4191 249 4240 107.
266 4190 340 4239 Offio.
355 4192 403 4239 ΙΙΙ.
419 4196 431 4250 ξ
446 4191 487 4241 47.
687 4204 773 4238 sensu:
795 4195 847 4238 non
867 4189 1004 4250 laborabit,
1019 4193 1227 4252 quemadmodum

131 4266 168 4316 73.
183 4282 320 4326 causaue,
339 4269 538 4331 quemadmodum
552 4270 579 4316 im
593 4270 638 4316 cli·
686 4283 767 4329 neque
780 4268 880 4317 Phidias
893 4268 1022 4318 laboravit.
1040 4270 1164 4320 Laborem
1170 4289 1228 4331 cum

97 4343 287 4402 pec—succro
301 4345 429 4394 laborabit.
464 4347 520 4394 Non
538 4345 638 4394 discedo
687 4346 814 4396 Infinitive
829 4348 950 4396 estVerr.
966 4349 1016 4396 111.
1032 4353 1044 4407 ξ
1060 4350 1116 4400 127.

100 4418 183 4480 abiis,
198 4437 263 4482 quae
278 4422 375 4483 pridem
390 4424 421 4470 de
435 4424 461 4472 h.
475 4425 492 4471 l.
506 4423 638 4484 disputavi.
723 4425 762 4475 74.
781 4426 926 4486 quibusnam
945 4427 1083 4474 rationibus
1094 4455 1137 4476 -.
1171 4432 1229 4480 Non

101 4498 175 4559 lgitur
195 4501 280 4562 sprevi
302 4502 398 4550 Ernesti
413 4502 595 4559 coniecturam,
610 4502 640 4550 ut
688 4507 746 4551 sunt
766 4501 839 4551 huius
860 4504 907 4551 loci
925 4506 991 4552 ullae
1005 4506 1131 4552 rationes:
1147 4524 1227 4570 neque

101 4575 239 4635 inserentis,
256 4583 311 4639 post
321 4579 535 4642 queamdmodum:
552 4581 639 4642 dequo
689 4581 826 4630 audiendus
841 4583 995 4640 Ellendtius,
1009 4583 1050 4644 qui
1063 4585 1230 4637 ratiommim
