3242 5500
523 735 560 779 ιιι
578 731 717 790 superiori:
741 730 808 790 quod
829 743 904 790 quare
925 728 1076 791 neglexerim
1098 731 1201 788 apparet
1219 741 1249 774 ex
1263 740 1318 774 mea
1331 727 1488 788 interpreta-

524 809 591 856 tione
613 809 645 856 ad
659 810 693 855 11.
717 812 729 866 ξ
746 811 787 855 58.
802 806 869 856 conf.
885 809 953 856 Orat.
972 811 983 865 §
1000 807 1055 854 153.
1091 808 1184 854 lterum
1197 805 1277 863 inira,
1292 809 1304 862 ξ
1319 805 1382 862 262,
1402 805 1490 864 Scipio

523 887 566 934 ille
585 888 663 933 maior
680 884 799 948 (alterum
820 887 930 947 appellat
951 886 1015 932 lunc
1035 883 1212 941 Aemilianum,
1236 881 1338 948 5270),
1358 887 1410 941 ιιι
1427 885 1489 930 284.

525 965 621 1025 Appiae
633 966 712 1011 uanior
725 965 776 1012 ille.

358 1046 393 1093 ΙΙ.
412 1050 424 1103 t
442 1048 500 1093 251.
526 1042 669 1107 Improbavi
686 1043 751 1090 illud
772 1055 853 1090 mores
873 1041 984 1089 imitari:
1005 1046 1030 1090 et
1044 1055 1102 1089 sane
1117 1041 1243 1101 aliquanto
1257 1040 1347 1088 melius
1361 1039 1491 1089 diceretur

524 1126 629 1170 naturae
641 1121 749 1178 imitari,
768 1124 796 1168 ιιι
810 1135 841 1168 ex
854 1134 909 1181 sqq.
925 1124 1041 1182 apparet:
1061 1125 1085 1167 et
1098 1120 1165 1168 Orat.
1182 1123 1194 1176 ξ
1212 1119 1267 1166 139.
1283 1124 1320 1167 est
1334 1119 1491 1166 naturarum

524 1199 640 1249 imitatio.

360 1281 394 1326 ll.
413 1284 425 1337 §
444 1279 501 1329 275.
526 1280 684 1329 Probandum
698 1284 765 1335 erat,
783 1279 850 1339 quod
864 1278 978 1335 affertur,
997 1291 1038 1338 epo
1052 1292 1099 1325 non
1112 1290 1214 1338 canesco
1227 1290 1306 1325 uocem
1317 1303 1350 1310 -
1364 1278 1456 1323 tuam?

360 1358 394 1405 ΙΙ.
414 1363 425 1416 §
444 1361 501 1407 299.
525 1359 591 1408 Vitio
605 1372 736 1420 operarum
750 1369 893 1420 expressum
909 1359 945 1403 est
953 1357 1112 1417 pollicitum:
1132 1353 1262 1416 oportebat
1269 1354 1407 1415 pollicitus.

362 1437 396 1485 ll.
415 1442 427 1495 ξ
446 1440 503 1486 305.
528 1438 637 1487 Praetuli
655 1437 691 1484 sic
710 1437 798 1494 edere,
817 1435 953 1484 secundum
969 1433 1084 1483 Lambini
1099 1434 1217 1491 Codices,
1236 1433 1300 1494 quod
1312 1447 1350 1479 me
1362 1435 1491 1480 oratorem

521 1517 635 1577 peteres,
660 1530 707 1562 non
728 1515 912 1572 aduersariam,
931 1528 1007 1575 quum
1022 1512 1136 1561 novisimi
1148 1511 1261 1560 Editores
1276 1515 1411 1571 sequantur
1426 1513 1490 1560 alte·

526 1609 579 1642 ram
594 1594 741 1649 lectionem,
762 1607 837 1654 quum
857 1593 1052 1640 ministratorem
1068 1594 1177 1652 peteres.
1198 1617 1231 1625 —
1246 1588 1370 1638 Credibile
1383 1605 1438 1637 non
1454 1596 1492 1638 est

525 1673 574 1720 hoe
592 1671 798 1736 (ministratoris)
818 1672 918 1719 nomine
939 1671 1075 1720 Antonium
1092 1671 1123 1718 de
1137 1685 1162 1718 se
1177 1682 1249 1717 usum
1263 1683 1331 1726 esse,
1349 1683 1397 1730 quo
1415 1667 1459 1732 (ut
1478 1683 1491 1715 e

526 1753 607 1800 Flacc.
629 1756 641 1809 §
658 1752 698 1799 53.
716 1749 876 1815 intelligitur)
889 1750 910 1797 is
925 1751 1025 1798 demum
1038 1749 1169 1805 indicatur,
1188 1747 1230 1809 qui
1250 1747 1292 1795 alii
1305 1747 1363 1808 quid
1374 1745 1492 1795 subiiciat

526 1844 575 1891 quo
588 1833 683 1878 utatur:
703 1829 840 1891 Sulpicium
853 1833 935 1877 autem
949 1829 976 1876 in
989 1829 1144 1876 accusatione
1152 1827 1185 1875 ita
1191 1827 1332 1889 designasse
1340 1827 1491 1883 Antonium,

526 1909 592 1969 quod
611 1908 742 1956 Pideritius
764 1900 862 1956 sumere
883 1908 998 1966 videtur,
1017 1920 1117 1969 prorsus
1140 1906 1248 1953 alienum
1264 1909 1308 1953 est.
1344 1906 1399 1953 Hoc
1414 1905 1491 1953 casti·

526 1985 601 2050 gabat
622 1986 743 2034 Antonius
762 1986 788 2033 in
808 1985 933 2047 Sulpicio,
952 1986 1018 2047 quod
1035 1985 1076 2032 hie
1089 1984 1225 2032 Antonium
1239 1997 1289 2032 non
1302 1987 1433 2044 tamquam
1446 1984 1490 2030 ad-

523 2065 659 2113 uersarium
679 2065 705 2112 in
718 2078 791 2113 causa
805 2069 916 2126 peteret,
935 2065 979 2112 sed
992 2064 1073 2126 ipsum
1087 2063 1129 2124 qui
1142 2062 1276 2110 adversarii
1287 2075 1386 2110 causam
1401 2067 1493 2126 ageret

525 2144 639 2205 petisset:
657 2144 740 2204 itaque
753 2157 804 2190 non
818 2142 933 2190 incidisse
948 2157 973 2191 se
985 2143 1012 2190 in
1025 2143 1090 2190 illud
1102 2141 1205 2198 vitium,
1224 2141 1377 2202 quodmodo
1391 2141 1490 2188 indica·

525 2226 609 2280 verat,
626 2223 737 2270 ailitem
749 2235 819 2269 ruam
827 2220 931 2280 faceret
945 2226 970 2269 et
985 2223 1064 2270 lacem
1077 2221 1212 2282 efferretur
1226 2221 1372 2276 iracundia,
1390 2221 1438 2267 sed
1450 2224 1490 2268 tu·

525 2301 583 2349 lisse
603 2300 667 2348 illud
684 2301 768 2358 lente,
786 2300 855 2361 quod
874 2303 997 2348 aratorem
1017 2314 1068 2348 non
1081 2299 1246 2348 confunderet
1257 2312 1314 2346 cum
1329 2297 1489 2355 aduersario,

525 2379 595 2427 euim
609 2393 708 2427 causam
721 2383 815 2442 ageret.

365 2459 399 2506 ΙΙ.
419 2463 431 2516 5
449 2455 506 2506 307.
532 2472 595 2520 qaae
607 2448 1015 2518 oratorumiadicio-camparatar.
1035 2455 1223 2520 corrigendum,
1237 2456 1353 2512 oratoria,
1368 2460 1416 2513 ut§
1426 2457 1489 2513 308,

521 2536 654 2596 proprium
665 2535 773 2583 oratorie
781 2535 942 2597 prudentiae.

363 2616 398 2663 ΙΙ.
417 2618 430 2672 ξ
448 2615 505 2662 312.
531 2614 675 2662 narratione
689 2615 808 2674 exposita.
844 2616 956 2662 Praestat
967 2614 1045 2662 altera
1058 2613 1147 2669 lectio,
1165 2625 1194 2659 re
1208 2615 1313 2660 nemeto
1326 2614 1352 2659 et
1365 2613 1489 2672 exposita.

529 2691 653 2740 Narratio
670 2693 785 2740 universe
798 2692 900 2750 dicitur,
919 2691 961 2740 ubi
972 2695 1054 2754 partes
1064 2691 1179 2738 orationis
1189 2691 1215 2737 in
1229 2694 1281 2738 arte
1294 2697 1488 2740 enumerantur:

528 2771 560 2820 ci.
576 2773 667 2831 §326,
682 2786 737 2833 sqq.

363 2853 397 2899 ΙΙ.
418 2855 429 2909 §
448 2851 505 2899 320.
528 2853 578 2899 Pro
588 2852 683 2909 ordiri,
701 2850 844 2899 restituatur
858 2850 978 2897 enardiri.

363 2931 398 2977 ll.
417 2934 429 2988 §
448 2931 505 2977 324.
524 2932 579 2978 Hoc
599 2929 750 2991 praecipitur
769 2930 872 2977 oratoris
898 2930 996 2975 tantum
1016 2927 1109 2987 impelli
1123 2926 1227 2973 iadicem
1237 2926 1321 2985 primo
1336 2927 1441 2984 uuita,
1460 2931 1490 2975 nt

526 3011 575 3056 iam
596 3009 715 3056 inclinato
733 3010 831 3071 reliqua
849 3009 974 3055 incumbat
994 3006 1082 3053 oratio.
1118 3006 1148 3051 In
1161 3004 1199 3053 his
1213 3003 1368 3051 inrumiendi
1381 3004 1490 3053 verbum

526 3086 642 3135 tribuitur
661 3087 783 3145 oratiam,
808 3086 900 3148 quippe
920 3086 982 3133 haec
1001 3084 1028 3132 in
1048 3083 1156 3131 oratoris
1173 3085 1295 3144 potestate
1310 3087 1360 3130 est:
1387 3084 1490 3145 proprie

529 3166 595 3213 enim
609 3170 634 3214 et
648 3166 781 3225 impellere,
797 3170 823 3214 et
835 3165 975 3213 incumbere
988 3164 1019 3211 de
1032 3162 1086 3224 ipso
1100 3165 1197 3210 oratore
1212 3161 1339 3209 dicuntur:
1354 3161 1422 3208 conf.
1439 3163 1489 3209 Ill.

530 3248 542 3301 5
565 3247 606 3292 55.
640 3244 730 3291 Tenuit
747 3244 813 3291 hane
832 3244 991 3292 Latinitatem
1007 3240 1136 3303 aliquoties
1155 3240 1255 3297 Livius,
1274 3240 1318 3287 sed
1332 3253 1387 3287 eam
1402 3254 1489 3287 eorru-

529 3322 566 3383 pit
578 3320 698 3381 subinde,
716 3322 794 3370 velnti
808 3323 857 3370 III.
875 3324 914 3371 16.
932 3326 955 3369 5.
969 3322 999 3369 de
1012 3321 1078 3368 malo
1092 3334 1106 3367 a
1119 3317 1224 3367 tribunis
1238 3316 1489 3379 etaplebemetnen-

527 3401 574 3458 do,
593 3402 621 3448 id
631 3414 708 3461 prope
721 3415 797 3449 unum
808 3402 916 3448 manime
928 3400 1055 3449 inclinatis
1066 3399 1138 3446 rebus
1152 3397 1271 3445 incubuit.

366 3480 400 3526 ll.
419 3483 431 3536 ξ
450 3481 507 3527 328.
530 3477 706 3540 interpuncta,
729 3480 810 3541 inquit
832 3480 985 3537 Ellendtius,
1001 3476 1121 3526 similibus
1132 3476 1265 3525 illiniravit
1278 3474 1443 3524 Ruhnkenius
1458 3477 1490 3523 ad

535 3558 621 3605 Vellei.
642 3559 696 3607 Pat.
717 3574 742 3620 p.
764 3561 804 3606 52.
840 3559 888 3607 Sed
908 3558 929 3605 is
949 3557 1011 3605 nihil
1029 3556 1152 3613 illustrat,
1173 3569 1260 3602 verum
1280 3554 1387 3602 excitato
1402 3559 1428 3602 et
1441 3554 1490 3603 hoa

529 3638 600 3693 loeo,
622 3636 729 3696 etalio,
751 3636 821 3685 Orat.
843 3641 855 3695 5
878 3638 922 3693 53,
943 3636 1092 3697 inquorum
1106 3638 1211 3694 utroque
1226 3633 1387 3693 interpuncta
1401 3634 1489 3694 appel-

529 3716 625 3772 lantur,
652 3714 690 3763 his
717 3715 836 3777 exemplis
863 3713 975 3763 obtinere
999 3715 1054 3761 vult
1074 3713 1141 3774 apud
1163 3711 1286 3759 Velleinm
1306 3715 1374 3759 recte
1396 3711 1489 3759 servari

529 3794 672 3852 disparuit,
695 3792 762 3853 quod
783 3807 833 3840 non
847 3806 900 3841 esse
915 3792 1105 3855 corrigendum,
1119 3796 1147 3839 ut
1159 3792 1255 3853 legatur
1274 3791 1412 3843 distinaii‚·
1425 3790 1490 3837 illud

528 3870 593 3918 enirn
609 3874 634 3918 et
647 3870 789 3931 exquisitius
803 3885 869 3927 esse,
884 3885 931 3919 nec
944 3871 1025 3918 minus
1041 3869 1254 3917 accommodatum
1266 3866 1413 3916 sententiae.
1451 3870 1489 3915 De

527 3953 652 4009 postremo
676 3950 725 3997 hoc
743 3964 795 3997 non
816 3949 943 3998 assentior.
978 3948 1044 4007 Quid
1068 3947 1133 3996 enim
1154 3947 1281 3995 Velleius?
1316 3945 1403 4007 Neque
1418 3947 1487 4008 quis·

528 4042 600 4087 quarn
621 4028 664 4075 loc
684 4027 796 4088 Scipione
816 4030 952 4089 alunantiae
972 4027 1103 4075 interualla
1117 4026 1268 4087 nepotiorum
1282 4026 1333 4074 otio
1346 4025 1489 4084 disparuit.

468 4161 470 4164 ¹
529 4106 622 4154 Omitto
643 4105 748 4154 verbum
767 4107 849 4168 ipsum
870 4107 1045 4169 dispunpendi,
1069 4119 1118 4166 quo
1132 4109 1213 4163 recte,
1228 4108 1256 4152 ιιι
1271 4104 1325 4165 ipsa
1342 4103 1489 4165 compositio

526 4185 634 4244 indicat,
656 4185 733 4233 utitur
750 4187 856 4243 Seneca,
872 4184 959 4233 Benei.
976 4185 1019 4232 IV.
1037 4186 1082 4243 32,
1098 4184 1129 4231 de
1143 4181 1278 4231 rationibus
1292 4187 1452 4245 acceptorum
1465 4188 1491 4230 et

528 4278 707 4325 expensorum,
734 4264 768 4313 ita
795 4269 824 4313 ut
847 4265 878 4313 sit
897 4265 970 4325 plura
991 4268 1017 4312 et
1040 4262 1108 4312 varia
1129 4262 1210 4323 capita
1229 4262 1352 4310 rationum
1372 4262 1398 4308 in
1421 4266 1490 4309 certa

526 4356 618 4405 genera
639 4343 780 4407 disiungere
801 4347 826 4392 et
846 4343 994 4391 distrahere:
1017 4342 1059 4390 sed
1081 4356 1112 4390 ne
1134 4342 1309 4402 interpnnaere
1325 4340 1426 4401 quidem
1440 4339 1490 4389 isto

525 4422 581 4469 loco
601 4425 669 4469 recte
686 4426 828 4484 usurpasset
842 4422 966 4479 Velleius,
982 4421 1098 4481 quoniam
1112 4420 1308 4480 interpunpimus
1321 4432 1363 4476 ea,
1381 4434 1489 4481 quorum

528 4499 624 4547 effectio
639 4499 665 4548 in
679 4504 763 4549 nostra
776 4504 897 4563 potestate
911 4503 961 4557 est,
977 4513 1039 4560 quae
1054 4503 1138 4551 nostra
1151 4512 1227 4560 opera
1242 4502 1284 4545 aut
1297 4501 1348 4545 arte
1362 4511 1488 4547 creamus:

524 4582 576 4626 tarn
597 4583 680 4627 autem
692 4579 858 4643 incongruum
873 4582 909 4627 cst
923 4579 1019 4638 nepoiia
1028 4579 1130 4639 publica
1143 4578 1318 4640 interpungere
1332 4577 1383 4623 otia
1397 4579 1488 4639 (opor-
