3242 5500
342 538 412 608 292
687 555 800 607 atrurn
827 553 997 603 nuncius.
1026 533 1116 614 §152

338 728 413 801 tine
434 726 603 824 loquendi
628 726 802 823 planeque
826 724 983 797 dicendi:
1009 723 1165 820 reliquae
1190 733 1275 797 sunt
1300 750 1471 822 magnae,

342 837 558 934 implicatae,
600 838 732 922 variae,
776 858 918 930 graves,
961 832 1091 929 quibus
1131 834 1246 905 omnis
1281 835 1476 909 admiratio

342 946 477 1043 ingenii
518 941 669 1042 [omnis
705 946 781 1017 laus
817 937 1054 1039 eloquentiae]
1079 943 1290 1017 continetur.
1352 946 1477 1017 Nemo

343 1058 437 1129 enim
472 1080 641 1150 umquam
676 1062 729 1127 est
754 1062 947 1138 oratorem,
974 1052 1070 1148 quod
1092 1052 1218 1125 Latine
1241 1052 1475 1149 loqueretur,

342 1166 553 1239 admiratus:
591 1165 621 1237 si
652 1159 738 1259 [est]
767 1163 888 1248 aliter,
914 1160 1084 1247 irrident,
1110 1185 1226 1257 neque
1247 1186 1330 1233 eum
1354 1172 1476 1235 orato-

343 1299 417 1347 rem
450 1274 575 1359 mod0,
612 1273 673 1346 sed
707 1272 888 1345 hominem
912 1294 983 1342 non
1009 1278 1148 1367 putant.
1200 1272 1315 1343 Nemo
1339 1273 1478 1346 extulit

344 1409 425 1456 eum
453 1382 588 1469 verbis,
624 1383 685 1478 qui
709 1382 759 1453 ita
783 1380 951 1466 dixisset,
977 1387 1036 1466 ut,
1063 1381 1125 1474 qui
1148 1380 1333 1469 adessent,
1359 1382 1475 1455 intel-

344 1493 516 1589 ligerent,
554 1492 641 1587 quid
678 1490 832 1576 diceret3
867 1489 929 1561 sed
963 1490 1151 1561 contemsit
1188 1514 1289 1576 eum,
1316 1492 1378 1586 qui
1400 1493 1476 1563 mi·

290 1631 319 1677 aa
345 1628 412 1675 nus
436 1602 475 1675 id
498 1602 611 1673 fucere
633 1600 817 1697 potuisset.
870 1597 914 1669 In
939 1622 1009 1694 quo
1033 1597 1143 1693 igitur
1167 1597 1327 1670 homines
1344 1599 1478 1671 exhor·

342 1712 511 1784 resount?
541 1704 662 1806 [quern
686 1707 871 1804 stupefacti
895 1707 1071 1780 dicentem
1088 1704 1312 1803 intuenturi]
1341 1709 1479 1805 inquo

344 1820 567 1893 exclamant?
602 1842 708 1914 quem
738 1818 864 1903 deum,
890 1825 930 1889 ut
953 1816 1004 1889 ita
1025 1816 1160 1902 dicam,
1191 1817 1284 1889 inter
1307 1818 1479 1891 homines

345 2139 412 2188 modi
425 2137 559 2187 cumulatio
573 2150 601 2186 ea
614 2138 731 2199 postulat,
746 2152 809 2198 quac
821 2151 882 2199 quo·
931 2137 995 2185 solet
1015 2135 1103 2185 Cicero
1121 2135 1227 2198 tn‘plici,
1249 2151 1301 2186 non
1315 2139 1478 2202 quadruplici

345 2219 402 2266 dnm
424 2217 498 2266 modo
510 2217 575 2264 inter
589 2230 615 2265 se
628 2216 725 2263 diversa
738 2216 799 2264 sinta
815 2215 883 2276 atqui
931 2214 1054 2263 sententia
1067 2213 1112 2263 uti.

344 2296 468 2357 inperium
494 2294 575 2357 ipsum
598 2308 644 2356 pro
665 2295 804 2355 eloquentia
824 2292 884 2355 poni
964 2294 994 2341 id
1017 2296 1071 2350 cat,
1099 2293 1164 2355 qnod
1189 2294 1245 2341 dico
1268 2295 1363 2342 ornate.
1403 2297 1479 2345 Sicut

344 2377 421 2432 solet,
436 2378 464 2423 ut
478 2375 521 2433 Μ
538 2374 598 2431 198,
613 2377 638 2421 et
645 2372 744 2434 passim.
766 2373 839 2428 Tum,
853 2386 885 2421 ex
930 2372 977 2421 ista
990 2385 1058 2420 nnnc
1070 2372 1201 2433 leguntur,
1215 2372 1244 2419 id
1255 2375 1310 2429 eat,
1322 2376 1423 2433 macte,
1438 2375 1476 2424 si·

344 2453 387 2511 iis,
403 2466 465 2514 quae
479 2450 653 2509 subiiciuntnr,
674 2450 832 2513 perspicuum
847 2456 885 2499 est
932 2448 1477 2514 gnificabit,anteccdd.omnia(diatiacte-

345 2545 397 2579 non
416 2530 463 2579 nisi
482 2529 551 2577 illam
565 2529 753 2577 admirationem
767 2544 782 2578 a
795 2531 884 2579 Crasso
932 2526 1078 2591 conficiant)
1104 2527 1283 2589 comprehendi
1306 2544 1357 2577 nno
1376 2529 1475 2590 verbo,

344 2608 421 2657 inisse
434 2609 593 2669 appellatam.
932 2609 1028 2655 ornate.
1069 2606 1119 2654 Sed
1139 2606 1312 2667 interpositum
1332 2610 1399 2669 qaod
1417 2610 1478 2659 dico

379 2688 401 2734 ai
421 2686 482 2750 [eat]
499 2686 582 2735 aliter.
618 2688 674 2735 Hoc
688 2685 760 2735 dicit:
780 2686 885 2735 sialiter
932 2684 1035 2733 remittit
1054 2699 1099 2733 nos
1119 2684 1211 2743 adid,
1230 2685 1477 2753 quodnimislongo

345 2765 467 2828 loquitur,
482 2765 498 2814 i.
514 2779 536 2813 e.
550 2765 570 2814 si
583 2780 634 2814 non
649 2764 746 2813 Latine.
781 2765 884 2827 Eoipso
931 2765 1064 2813 intervallo
1083 2767 1141 2812 ante
1162 2765 1282 2813 acrasso
1295 2766 1389 2814 dictum
1403 2773 1475 2827 erat,

346 2846 477 2893 damnatur
496 2843 560 2892 illud
579 2847 625 2891 est.
659 2844 791 2892 Diversum
808 2843 885 2892 estin
934 2845 1011 2901 §37;
1024 2848 1092 2900 tum,
1107 2842 1476 2906 hocipsumnonsimpliciAd·

347 2928 360 2982 5
377 2925 437 2980 103,
451 2922 519 2980 init,
533 2920 576 2970 ubi
590 2937 646 2970 cum
654 2923 729 2971 aliter
735 2922 885 2970 servandum
932 2919 1019 2970 verbio
1039 2919 1135 2969 absolvi
1153 2925 1266 2983 poterat,
1286 2922 1330 2970 scd
1344 2930 1476 2984 exspecta-

345 3000 456 3050 Verbum
471 2999 664 3050 substantivum.
933 3014 987 3057 res,
1008 3001 1096 3046 ornate
1112 2999 1201 3047 diacre.
1235 3001 1383 3062 Amplector
1399 3002 1478 3065 igitur

382 3094 458 3141 neque
471 3093 526 3126 eum
539 3082 662 3128 oratorem
673 3079 790 3127 modo—.
805 3079 885 3128 omit·
934 3078 999 3125 banc
1012 3077 1122 3127 virorum
1135 3076 1264 3128 doctorum
1277 3080 1476 3138 correctionem,

346 3158 451 3208 tendum
465 3158 610 3216 eratenim,
625 3163 681 3206 ante
696 3158 885 3206 eaminsertum.
934 3158 963 3204 id
981 3157 1033 3213 eat,
1057 3155 1100 3218 qai
1119 3157 1207 3204 dicam
1225 3160 1322 3204 ornate.
1356 3159 1478 3222 intelligo

348 3238 462 3300 Augetur
483 3235 520 3284 his
533 3235 573 3293 id,
594 3237 661 3297 quod
674 3237 814 3298 praecedit,
836 3251 886 3285 non
935 3235 1016 3291 enim,
1031 3249 1063 3282 ex
1075 3233 1252 3297 quadripartita
1265 3237 1388 3286 oratoriae
1394 3237 1476 3285 facul·

347 3315 411 3363 ratio
429 3313 551 3362 redditur.
586 3315 664 3372 Tum,
679 3315 789 3371 correxi,
804 3315 886 3373 modo,
934 3314 992 3362 tatis
1011 3311 1183 3361 distributione
1203 3313 1284 3376 (conf.
1310 3315 1389 3379 537)
1407 3330 1478 3365 sum·

348 3407 395 3455 pro
422 3393 491 3456 vulg.
520 3391 699 3450 tantammodo,
724 3393 841 3454 quoniam
861 3393 888 3441 in
936 3406 988 3440 mas
1007 3390 1117 3440 tribuere
1131 3392 1246 3440 Crassum
1260 3391 1284 3440 ei
1296 3393 1398 3452 virtuti,
1412 3409 1479 3456 qnae

348 3472 393 3519 illa
420 3469 579 3520 distractione
606 3470 727 3520 servanda
751 3476 789 3520 est
808 3471 889 3520 torma
936 3470 1138 3519 orraatcdiccndo
1151 3474 1290 3530 constaret,
1305 3471 1346 3520 cui
1359 3486 1418 3520 mox
1429 3474 1477 3521 nd·

349 3563 398 3598 non
411 3549 490 3597 modo.
937 3549 973 3598 dit
993 3549 1052 3609 apta
1071 3547 1168 3597 doadi
1179 3549 1281 3598 laudem
1295 3549 1375 3614 (conf.
1391 3556 1404 3610 ξ
1420 3551 1477 3614 91.)

383 3626 888 3686 ontulit-serbis.Idemestinfrn,5146.
937 3627 999 3676 Ideo
1018 3640 1165 3688 responsum
1184 3627 1216 3674 ad
1235 3626 1278 3686 id,
1297 3629 1364 3690 quod
1376 3631 1477 3691 qnaesi-

384 3707 426 3768 qai
442 3707 524 3753 minua
536 3707 565 3752 id
571 3704 803 3766 sacercpotaisaet.
841 3706 888 3754 Su·
936 3709 1016 3763 verat,
1030 3705 1098 3766 qnod
1111 3705 1142 3752 ad
1154 3704 1261 3754 formam
1274 3708 1376 3764 attinet,
1391 3706 1478 3756 absol-

350 3782 795 3845 spicor,sacercinterpolatnmesse.
814 3784 888 3833 Coni.
936 3783 1003 3832 nitur
1021 3783 1060 3832 bis
1083 3781 1178 3842 verbis,
1202 3785 1231 3832 id
1249 3786 1303 3843 eat,
1324 3788 1367 3846 qai
1387 3786 1478 3835 dicant

351 3861 382 3908 ad
396 3862 431 3909 11.
447 3865 459 3919 ξ
476 3864 507 3910 85
522 3866 547 3910 et
563 3863 610 3909 149
624 3867 649 3910 et
665 3863 721 3910 192.
937 3863 1038 3919 ornate,
1066 3868 1124 3923 post
1149 3876 1227 3924 eaque
1245 3862 1479 3927 interpungendum

385 3940 425 3988 53.
452 3940 536 4000 [pacm
555 3941 694 4002 stupefacti
712 3942 834 3989 dicentem
848 3940 889 3988 ia·
938 3945 983 3997 est,
998 3940 1123 4001 qnoniam,
1137 3955 1201 4002 qnae
1213 3941 1477 4002 atatimsnbiicinntur,

352 4017 485 4078 iuratori]
506 4020 571 4066 .Non
584 4017 702 4078 reticebo,
717 4019 817 4068 insititio
829 4019 890 4067 mibi
938 4033 989 4068 non
1011 4018 1058 4067 nisi
1081 4018 1114 4066 ad
1137 4020 1268 4081 primariae
1292 4020 1358 4070 illius
1375 4022 1480 4072 virtutis

350 4096 397 4144 ista
410 4095 502 4154 videri,
517 4096 640 4158 primum,
655 4098 722 4159 quod
735 4112 803 4146 mera
816 4112 890 4160 para·
937 4098 1128 4146 moderationem
1146 4099 1288 4160 pertinent,
1308 4099 1335 4150 in
1354 4113 1404 4162 qua
1423 4105 1481 4150 erat

350 4174 446 4238 phrasis
467 4178 504 4222 est
517 4176 730 4236 antecedentium,
745 4178 772 4224 ia
785 4190 832 4239 quo
845 4190 889 4224 ea·-
937 4176 1016 4234 illud,
1037 4175 1105 4237 qnod
1123 4177 1211 4236 aptam
1229 4179 1256 4225 ct
1275 4191 1413 4240 concnam
1430 4194 1481 4228 no·

350 4253 497 4300 tumescant
513 4249 575 4317 (q‘uo
589 4254 663 4302 modo
677 4255 778 4303 torrere
790 4255 891 4316 ponitur
938 4253 1060 4312 minabat3
1074 4257 1169 4316 etpost
1182 4254 1244 4304 baec
1257 4257 1480 4320 pleneinterpnn·

352 4333 388 4380 ΙΙ.
410 4335 422 4390 ξ
446 4329 520 4394 188);
543 4335 612 4389 tum,
634 4333 700 4394 quod
716 4333 889 4393 stupefactas,
939 4332 1056 4396 gendum.

351 4423 397 4470 pro
417 4412 533 4470 stupens,
557 4424 607 4458 non
627 4415 664 4460 est
676 4411 816 4460 Latinitatis
830 4413 889 4460 Tul·
972 4414 1014 4460 54.
1031 4412 1482 4478 [petranseunt—tritam}

352 4487 445 4536 lionae:
474 4492 616 4550 postremo,
637 4489 704 4550 quod
724 4489 749 4537 in
771 4490 890 4538 eiusmodi
939 4488 1162 4546 Demonstrabam,
1182 4494 1262 4540 totum
1281 4491 1331 4540 boc
1348 4492 1485 4544 insititiam

352 4565 506 4614 successione
534 4569 558 4615 et
586 4567 729 4629 gradatione
755 4567 890 4628 plurimum
939 4582 1001 4617 esse.
1042 4569 1167 4627 Primum,
1198 4569 1259 4618 nibil
1278 4571 1390 4632 pertinet
1409 4573 1485 4622 istius
