3242 5500
686 581 728 592 --
1201 562 1262 605 xm

138 725 295 799 videmuS,
326 728 357 781 et
373 723 465 800 Legg.
485 721 507 780 Ι.
528 720 543 802 5
572 722 605 798 6,
626 723 694 797 uhi,
713 741 807 801 quarm
824 722 900 781 haec
917 722 945 780 ei
962 721 1053 781 verba
1071 722 1262 799 tribuuntur,

138 834 232 889 obesse
255 828 404 888 historiam
428 826 522 884 literis
550 827 685 899 Latinis,
703 847 814 902 eamque
840 846 896 884 reru
918 847 937 884 a
955 827 1088 908 &monio
1105 829 1196 888 adbuc
1213 836 1264 888 not

136 934 308 1008 ignoratam,
327 937 377 990 out
392 934 544 1007 neglectam
559 951 632 1004 erre,
651 937 736 992 extra
753 931 988 992 controversiam
1002 931 1096 1009 ipsius
1109 931 1263 992 Ciceronis

137 1037 284 1097 iudicium
300 1036 494 1115 expromitur.
525 1035 672 1096 Salustius
695 1042 815 1111 autem,
837 1035 902 1111 oui,
924 1035 1260 1114 quodexegregiisillis

140 1141 258 1202 duobus
274 1141 371 1217 fibris,
391 1161 466 1218 quos
480 1140 656 1219 superstites
674 1140 836 1215 habemus,
846 1139 978 1200 iudicare
990 1139 1072 1215 licet,
1093 1146 1160 1200 turn
1170 1160 1262 1221 eper-

137 1247 242 1326 paucis
272 1246 407 1324 reliquiis
431 1246 468 1305 de
493 1246 626 1324 quinque
654 1245 858 1305 Historiarum
884 1244 985 1320 libris,
1006 1245 1131 1322 contigit
1148 1250 1183 1304 ut
1200 1264 1261 1306 non

138 1357 259 1411 tantum
284 1352 455 1429 argumenti
482 1355 551 1429 apta
578 1350 855 1429 circumscriptione
880 1353 910 1408 et
923 1387 926 1391 »
939 1350 1052 1423 forma,
1081 1348 1135 1408 sed
1158 1368 1261 1410 rerum

138 1455 271 1516 civilium
302 1455 477 1534 prudentia,
515 1454 734 1514 sententiarum
765 1452 929 1531 gravitate,
958 1457 1044 1527 tum,
1077 1452 1261 1532 interpositis

138 1559 345 1635 contionibus,
370 1559 499 1618 oratoria
515 1577 634 1637 quoque
652 1559 762 1618 virtute
779 1556 870 1634 longe
888 1555 1079 1633 multumque
1106 1567 1262 1635 superaret

138 1683 254 1740 omnes,
272 1665 324 1741 qui
342 1668 413 1723 ante
430 1682 501 1724 eum
520 1663 694 1738 ediderant,
716 1661 896 1722 satisfecisse
913 1661 1056 1720 dicendus
1065 1667 1111 1720 est
1121 1661 1167 1739 iis,
1185 1681 1262 1740 quae

140 1770 221 1849 apud
248 1767 441 1845 Ciceronem,
460 1765 542 1827 Orat.
561 1767 598 1826 ΙΙ.
628 1765 643 1848 5
670 1766 727 1842 63,
758 1767 789 1825 in
817 1767 881 1825 eius
898 1766 996 1845 operis
1015 1766 1261 1828 exaedificatione

139 1873 345 1953 postulantur,
374 1891 431 1932 neo
457 1877 561 1932 tamen
587 1876 719 1931 sectatus
746 1875 792 1930 est
809 1890 897 1946 putas
916 1869 1056 1930 orationis
1064 1873 1162 1946 suum
1178 1879 1261 1948 atqroe

138 1985 259 2038 tractum
278 1985 307 2037 et
334 1999 392 2037 com
414 1977 531 2036 lenitate
552 1977 670 2050 quadum
688 1977 828 2050 aequabili
837 1977 1003 2055 prostrato,
1022 1975 1102 2053 quod
1118 1995 1213 2054 genus
1231 1984 1262 2038 et

139 2083 208 2142 istic
229 2082 466 2158 commendatur,
487 2085 518 2139 et
534 2077 616 2139 Orat.
640 2077 655 2160 ἓ
672 2079 720 2140 66.
762 2078 823 2138 Sed
839 2079 871 2137 in
891 2079 941 2139 illo
961 2078 1132 2139 Salustiano
1151 2099 1262 2158 genere

139 2186 284 2246 historiae
307 2185 470 2246 tradendae
495 2191 525 2245 et
547 2184 699 2244 ornandae
725 2183 966 2244 animadvertere
988 2184 1060 2243 licet
1076 2184 1262 2246 Graecorum

140 2289 349 2370 exemplorum
365 2289 583 2364 imitationem,
605 2306 682 2366 quae
701 2293 824 2347 centum
842 2287 1061 2366 quinquaginta
1079 2289 1167 2348 annis
1180 2297 1261 2369 ante,

140 2414 237 2473 quum
262 2394 335 2454 Cato
361 2393 522 2469 scriberet,
553 2393 688 2452 nondum
716 2392 889 2452 exstiterat:
912 2398 942 2451 et
966 2392 1108 2452 credibile
1128 2400 1174 2453 est
1191 2415 1262 2455 eum

140 2499 347 2578 Thucydidem
365 2497 423 2558 sihi
439 2497 645 2576 proposuisse,
663 2497 747 2556 cuius
763 2496 895 2574 speeiem
903 2495 1086 2572 intueretur,
1108 2497 1262 2558 sioutVel-

137 2603 217 2662 leins
233 2621 303 2662 erun
320 2606 450 2662 aemulam
469 2603 636 2678 stomachis
657 2600 803 2680 appellat,
824 2600 861 2660 IL
882 2600 930 2661 36.
949 2599 977 2659 2.
1019 2600 1099 2661 Hinc
1116 2601 1262 2663 nimirum

139 2707 350 2787 explicandum
366 2707 484 2768 ridetur
503 2705 705 2767 Salustianum
723 2705 842 2766 dicendi
862 2723 957 2784 genus
975 2704 1142 2783 concisum,
1162 2713 1194 2769 et
1210 2707 1263 2769 oh·

139 2831 280 2888 scuram,
299 2818 329 2872 et
345 2818 481 2887 torvum,
502 2812 539 2870 de
558 2830 616 2889 quo
636 2810 818 2890 Thucydidis
835 2811 1018 2886 imitatores,
1040 2811 1156 2889 quisua
1163 2818 1262 2873 aetate

139 2922 245 2993 erant,
260 2916 403 2976 admonet
419 2915 524 2976 Cicero
544 2915 628 2975 Brut.
648 2914 664 2995 5
683 2914 751 2990 287,
772 2932 855 2992 sqq.,
877 2932 967 2991 quern
983 2912 1084 2975 locum
1098 2915 1146 2975 his
1163 2916 1263 2977 verbis

139 3022 306 3097 concludit,
342 3022 404 3096 apro
438 3021 623 3097 thucydides,
656 3020 683 3079 ri
700 3020 844 3095 posterior
861 3020 987 3093 suntet,
1017 3023 1100 3080 molto
1126 3023 1263 3081 metamor

131 3129 244 3205 foueat
258 3133 287 3185 rt
300 3127 405 3185 mitior.
433 3124 502 3185 Non
521 3124 650 3185 servarit
671 3122 818 3184 Salustius
835 3128 1008 3202 temporum
1022 3142 1079 3184 nec
1093 3126 1262 3204 praesentis

139 3231 289 3291 sermonis
316 3248 433 3306 mores,
464 3229 517 3289 sed
543 3228 657 3289 adscita
683 3228 714 3287 in
737 3227 837 3289 verbis
859 3246 979 3307 quoqne
997 3233 1027 3287 et
1043 3230 1262 3291 sententiarum

139 3335 410 3415 comprehensione
427 3333 520 3393 nimia
539 3332 728 3393 affectatione
746 3332 825 3408 eim,
835 3332 915 3410 quod
920 3332 1054 3410 priscum
1066 3338 1097 3393 et
1107 3333 1159 3394 diu
1169 3334 1263 3394 inusi-

140 3446 239 3503 tatum
258 3446 341 3515 erat,
362 3440 491 3499 formam
510 3437 608 3497 induit
625 3436 777 3515 scriptoris
795 3436 934 3515 superbi,
957 3441 987 3496 et
995 3437 1120 3513 austeri,
1131 3443 1162 3497 et
1172 3458 1263 3518 exag-

140 3545 257 3626 gerati,
281 3549 312 3603 et
335 3542 486 3623 perplexi,
516 3542 567 3620 qui
584 3541 751 3601 communis
772 3540 921 3600 sermonis
935 3540 1184 3602 consuetudinem
1201 3562 1262 3603 non

140 3648 319 3710 emendaret
327 3654 384 3707 nec
394 3644 646 3725 elegantidelectu
654 3644 1262 3722 accommodaretargumento,sedmiritis

140 3752 239 3813 modis
255 3752 348 3812 etiarn
364 3750 457 3831 ipsius
471 3750 592 3829 linguae
608 3768 676 3809 earn
695 3750 815 3810 vitiaret
833 3754 864 3809 et
879 3755 1088 3810 contemneret
1097 3751 1263 3831 proprieta-

139 3865 204 3919 tem
229 3864 260 3917 et
283 3857 447 3935 ingenuam
474 3854 650 3930 veritatem,
681 3854 746 3914 sine
770 3872 830 3932 qua
855 3852 986 3914 multum
1010 3853 1097 3914 abest
1120 3860 1155 3915 ut
1182 3864 1264 3918 recte

139 3961 292 4024 scribendi
311 3960 408 4022 officio
427 3959 515 4039 plene
534 3958 674 4019 satisfieri
688 3958 790 4037 possit.
812 3958 891 4029 Quid
908 3958 941 4017 in
958 3976 993 4018 eo
1004 3964 1122 4019 veteres
1134 3959 1190 4039 ipsi
1202 3962 1264 4022 iam

138 4066 341 4145 requirerent,
351 4065 482 4125 breviter
490 4064 669 4142 significavit
679 4062 884 4123 Bernhardius
892 4063 924 4122 in
932 4062 1139 4123 Lineamentis
1149 4064 1264 4126 LItera-

139 4177 227 4231 tnrae
240 4170 411 4245 Romanae,
419 4188 447 4249 p.
455 4169 529 4245 603,
540 4187 584 4247 sq.
595 4168 649 4227 Ed.
658 4165 750 4227 HIW.
773 4166 834 4228 Sed
842 4167 1039 4228 nihilominus
1051 4174 1115 4228 tam
1127 4169 1264 4247 splende-

138 4275 213 4336 bant
229 4275 364 4353 reliquae
381 4275 507 4335 virtutes
525 4273 557 4333 in
578 4272 756 4333 Salustianis
771 4272 967 4333 historiarum
983 4271 1077 4349 libris,
1097 4279 1127 4333 et
1143 4279 1206 4333 tam
1218 4275 1266 4334 in-

140 4380 224 4458 genti
246 4378 404 4455 interrallo
428 4379 492 4458 ipse
514 4378 683 4457 superiores
700 4382 768 4456 post
784 4394 818 4435 se
838 4376 1020 4455 reliquerat,
1040 4382 1092 4453 ut,
1114 4377 1166 4456 qni
1183 4377 1265 4440 idem

141 4484 314 4545 institutum
325 4490 392 4563 post
409 4502 479 4544 eum
497 4481 715 4562 sequebantur,
736 4480 874 4559 neglecto
891 4481 924 4539 in
944 4480 1009 4540 dies
1026 4481 1124 4559 magis
1139 4480 1265 4563 diligen-
