3242 5500
927 936 931 947 1

998 984 1007 1010 ¹.

395 1043 453 1139 M.
488 1047 672 1136 TULLII
703 1048 974 1139 CICERONIS

225 1353 1138 1467 ononnronn

496 1649 497 1652 ’
554 1647 655 1696 LIBER
678 1648 815 1698 PRIMUS.

174 1581 202 1614 Ι

621 1895 747 1924 ⁴0—-

170 2101 352 2225 Cogitanti
384 2125 472 2197 mihi
509 2150 758 2222 saepenumero
795 2135 829 2199 et
857 2129 1025 2202 memoria
1052 2139 1165 2204 vetera
1189 2158 1241 2206 re-

119 2239 257 2336 petenti
274 2236 429 2334 perbeati
454 2235 580 2323 fuisse‚
608 2228 747 2350 Quinte
770 2237 890 2339 irater,
916 2239 969 2310 illi
988 2240 1098 2312 videri
1111 2241 1240 2331 solent,

118 2351 184 2448 qui
204 2351 242 2422 in
262 2349 396 2445 optima
416 2371 453 2419 re
473 2345 639 2442 publiea,
667 2337 785 2442 quuir'i
796 2356 830 2420 et
853 2347 1045 2422 honoribus
1067 2359 1100 2423 et
1123 2377 1241 2424 rerum

118 2468 300 2556 gestarum
336 2458 447 2554 gloria
482 2457 667 2544 florerent,
706 2481 785 2529 eum
823 2459 915 2530 vitae
950 2485 1091 2532 oursum
1124 2470 1242 2537 tenere

27 2581 33 2602 ⁵
118 2577 335 2666 potuerunt,
360 2576 401 2640 ut
424 2568 480 2640 vel
504 2568 540 2640 in
566 2569 709 2663 negotio
734 2569 809 2641 sine
832 2568 1011 2665 periculo,
1037 2571 1092 2643 vel
1112 2573 1150 2644 in
1171 2573 1241 2644 otio

117 2705 200 2755 oum
222 2679 396 2777 dIgnitate
417 2703 492 2751 esse
512 2685 664 2775 possent.
716 2678 769 2751 Ao
788 2678 855 2752 fuit
867 2704 978 2776 qumn
995 2680 1084 2754 mihi
1100 2706 1242 2779 quoque

118 2792 263 2864 initium
315 2788 559 2885 requiescendi
612 2796 719 2885 atque
764 2790 922 2861 animum
963 2790 1008 2862 ad
1055 2793 1241 2889 utriusque

117 2908 278 2974 nostrum
298 2900 472 2997 praeclara
496 2898 611 2971 studia
629 2899 800 2971 referendi
824 2900 897 2972 fore
914 2901 1047 2975 iustum
1076 2911 1109 2975 et
1132 2927 1242 3000 prope

117 3012 161 3085 ab
183 3011 349 3084 omnibus
373 3034 576 3082 conoessum
594 3008 799 3095 arbitrarer,
826 3010 856 3081 si
873 3010 1037 3083 infinitus
1049 3012 1241 3085 forensium

116 3147 236 3195 rerum
261 3120 366 3212 ‘labor
402 3127 435 3191 et
467 3118 670 3192 ambitionis
695 3120 876 3215 occupatio
902 3120 1052 3194 deomsu
1069 3122 1241 3195 honorum
1268 3173 1277 3212 r

117 3209 301 3306 et'itii'tis
325 3231 420 3303 flexu
443 3230 665 3302 constitisset.
718 3230 835 3305 Quam
864 3254 963 3326 spem
987 3232 1242 3328 cogitationum
1267 3234 1282 3279 ²
1313 3241 1336 3308 i
1355 3233 1464 3295 w
1483 3226 1614 3299 ΝΜ

118 3351 153 3415 et
177 3341 404 3415 consiliorum
422 3365 579 3412 meorum
606 3363 718 3435 quum
742 3363 864 3435 graves
888 3344 1129 3415 communium
1151 3352 1239 3416 tem·
1545 3329 1576 3358 Μ

118 3477 267 3549 porum,
297 3461 374 3553 tum
403 3451 488 3523 varii
508 3450 618 3522 nostri
642 3474 741 3521 casus
766 3449 975 3524 fefellerunt.
1027 3454 1144 3540 Nam,
1178 3454 1241 3550 qui

119 3562 215 3636 loeus
249 3562 379 3659 quietis
412 3569 447 3633 et
485 3559 754 3657 tranquillitatis
789 3560 916 3655 plenus
940 3562 1013 3635 fore
1031 3562 1238 3651 videbatur,

1265 2334 1279 2380 I

154 3830 180 3892 1)
198 3830 305 3877 decursu
319 3830 437 3876 bonoram
452 3828 476 3875 et
485 3826 576 3873 aetatis
583 3828 655 3887 flexu
705 3826 779 3873 dente
793 3828 952 3876 coniunctum
967 3834 1018 3886 ert,
1034 3844 1109 3891 quum
1123 3830 1241 3878 bonorum

118 3907 277 3953 constitisset.
301 3906 370 3953 Nihil
389 3905 476 3961 video,
493 3918 536 3951 eur
557 3904 655 3951 desere·
704 3903 823 3951 deaurata
836 3920 881 3967 per
895 3922 920 3955 se
935 3921 992 3954 oum
1003 3910 1076 3969 fleoeu
1094 3910 1185 3956 aetatis
1197 3924 1239 3959 co·

118 4000 170 4033 rem
190 3985 232 4043 id,
256 3984 350 4045 quode
370 3984 431 4031 Cod.
446 3984 517 4031 Voss.
532 3984 655 4043 prolatum
705 3982 820 4045 gitandus
847 3984 893 4042 sit,
929 3985 1035 4047 ideoque
1056 4002 1123 4035 nunc
1144 3993 1239 4037 utrum·

117 4061 236 4124 probavi,
271 4066 300 4111 ut
321 4062 347 4109 et
368 4062 458 4109 aetatis
485 4076 531 4123 pro
552 4061 655 4109 aliorum
705 4061 786 4121 quein
794 4063 1054 4115 eodemtranslationis
1061 4080 1152 4130 genere
1160 4082 1239 4116 enun-

119 4142 193 4189 etiam
224 4142 274 4189 aet.
302 4142 436 4203 legeretur.
473 4140 594 4209 'Primum
621 4140 655 4188 ita
702 4140 786 4188 nanu.

118 4221 213 4268 tollitur
234 4220 386 4281 asyndeton,
405 4219 506 4267 minime
527 4220 585 4267 huic
599 4220 655 4267 loeo
739 4217 767 4282 2)
790 4220 856 4267 lonae
883 4223 973 4281 quietis
1000 4225 1026 4270 et
1048 4224 1241 4285 tranquillitatis

120 4303 213 4359 aptum:
236 4304 290 4348 tum
309 4312 340 4346 ne
354 4298 454 4360 proprie
467 4299 566 4361 quidem
581 4300 656 4345 etiam
699 4298 798 4357 plenas.
812 4298 1016 4360 Rennupunm,
1031 4316 1179 4363 quamquam
1186 4304 1240 4364 ple·

119 4383 267 4438 poneretur,
298 4379 365 4439 quod
385 4376 530 4426 adverbium
549 4392 654 4439 usurpa·
703 4376 773 4437 rique
801 4383 931 4426 servarunt
957 4382 1060 4428 alteram
1091 4382 1239 4440 lectonam,

120 4460 173 4513 tur,
210 4456 253 4504 ubi
284 4457 377 4518 aliquid
404 4456 599 4517 inexspectatum
631 4460 656 4505 et
699 4456 867 4515 plenissime.
900 4458 1069 4519 superlativus
1081 4464 1149 4507 recte
1167 4474 1239 4508 usur·

120 4536 339 4584 extraordinarium
353 4536 596 4585 commemorandum
609 4540 653 4595 est,
703 4539 776 4597 patur
796 4534 823 4581 in
843 4534 872 4583 iis
885 4535 973 4595 rebus,
987 4552 1050 4599 quae
1064 4543 1240 4598 numerantur,

121 4614 235 4675 quodque
255 4629 306 4663 non
328 4616 466 4663 necessario
484 4628 541 4663 cum
556 4619 653 4664 antece·
703 4612 766 4662 sicut
786 4615 850 4677 Lag.
865 4615 953 4665 Manil.
968 4620 981 4674 ξ
997 4618 1029 4665 33
1044 4616 1142 4666 Caietae
1155 4622 1241 4679 portus

1031 4706 1043 4749 1
