3242 5500
391 529 439 598 46
734 547 849 598 urana
874 547 1013 600 narnus
1039 531 1058 613 §
1084 531 1166 604 107.

392 745 470 793 meo
504 745 621 808 more,
657 720 744 817 quid
778 743 917 816 quaque
956 719 1001 794 de
1024 745 1062 794 re
1087 721 1258 808 sentiam,
1283 719 1408 794 dicare.
1459 717 1515 791 Ae

392 831 545 928 primum
580 829 669 904 illud
707 831 889 927 (quoniam
922 833 1165 906 auctoritatem
1188 841 1287 905 tuam
1310 829 1514 926 negligere,

393 941 578 1028 Scaevola,
613 941 665 1014 fas
699 940 787 1014 mihi
825 965 901 1014 esse
933 965 1005 1014 non
1039 945 1141 1038 puto)
1177 938 1393 1037 respondeo,
1425 938 1515 1011 mihi

393 1050 533 1124 dicendi
562 1060 624 1124 aut
652 1051 787 1124 nullam
817 1060 949 1139 artem,
980 1061 1041 1124 aut
1065 1060 1269 1148 pertenuem
1293 1049 1426 1136 videri,
1452 1049 1515 1122 sed

393 1187 533 1234 omnem
559 1186 634 1236 esse
658 1161 919 1235 contentionem
943 1161 1036 1234 inter
1059 1161 1217 1236 homines
1236 1161 1356 1235 doctos
1367 1161 1405 1232 in
1417 1158 1515 1232 verbi

323 1289 369 1334 108
394 1273 625 1346 controversia
660 1272 821 1368 positam.
882 1271 975 1345 Nam
1011 1270 1041 1344 si
1076 1296 1132 1345 ars
1165 1272 1215 1345 ita
1244 1271 1435 1357 definitur,
1473 1278 1515 1342 ut
1600 1276 1601 1283 ’

368 1382 498 1478 ‘paulo
528 1390 611 1456 ante
640 1381 803 1479 exposuit
833 1380 1028 1470 Antonius,
1057 1377 1117 1478 [ex
1141 1380 1246 1454 rebus
1270 1380 1413 1478 penitus
1435 1403 1513 1475 per·
1600 1454 1601 1473 ,

394 1492 521 1588 speotis
551 1492 726 1589 planeque
755 1491 929 1587 cognitis,
960 1499 1067 1587 atque
1096 1490 1140 1564 ab
1171 1491 1347 1588 opinionis
1371 1488 1516 1562 arbitrio
1600 1482 1601 1499 ¹

394 1601 578 1689 seiunctis,
606 1600 821 1696 scientiaque
845 1600 1104 1697 comprehensis
1113 1596 1140 1697 ς]
1169 1625 1240 1674 non
1265 1600 1353 1673 mihi
1377 1599 1516 1672 videtur

393 1735 449 1784 ars
473 1712 618 1785 oratoris
643 1735 718 1784 esse
742 1710 835 1784 ullae
862 1720 946 1784 sunt
970 1712 1064 1784 enim
1088 1711 1205 1799 varia,
1232 1711 1322 1784 etad
1334 1710 1516 1806 vulgarem

393 1821 668 1917 popularemque
694 1845 836 1894 sensum
852 1821 1113 1896 accommodata
1129 1821 1248 1895 omnia
1264 1844 1393 1917 genera
1411 1818 1516 1892 huius

321 1949 368 1994 10⁹
393 1930 540 2004 forensis
569 1940 708 2005 nostrae
739 1929 913 2004 dictionis.
967 1932 1028 2004 sin
1053 1939 1172 2004 autem
1197 1956 1259 2018 ea,
1287 1955 1377 2027 quaa
1400 1928 1519 2001 obser·

393 2049 472 2114 vata
490 2050 573 2114 sunt
591 2043 629 2114 in
647 2063 715 2114 usu
733 2066 772 2114 ac
796 2041 1004 2115 tractatione
1028 2041 1185 2128 dicendi,
1206 2040 1291 2114 haec
1308 2040 1353 2113 ab
1367 2039 1518 2114 homini·

395 2150 461 2224 bus
493 2149 628 2224 callidis
663 2175 703 2224 ao
735 2151 857 2247 peritis
891 2151 1130 2225 animadversa
1163 2175 1203 2224 ac
1232 2159 1374 2237 notata,
1405 2149 1520 2222 verbis

395 2260 600 2357 designata,
627 2260 816 2358 generibus
840 2261 1037 2348 illustrata,
1060 2260 1218 2356 partibus
1235 2260 1426 2334 distributa
1437 2268 1520 2332 sunt

339 2380 341 2385 '
397 2372 448 2458 (id
485 2372 581 2468 quod
615 2372 691 2444 fieri
722 2371 879 2468 potuisse
911 2369 1052 2458 video);
1085 2393 1158 2443 non
1187 2371 1369 2466 intellige,
1396 2394 1518 2466 quam·

394 2480 514 2555 obrem
546 2506 643 2568 non,
683 2485 712 2554 si
746 2481 864 2554 minus
897 2481 957 2555 ille
992 2481 1114 2554 subtili
1138 2481 1368 2568 definitione,
1394 2488 1431 2554 at
1455 2481 1520 2552 hac

393 2591 528 2687 vulgari
558 2591 723 2687 opinione
752 2615 807 2664 ars
838 2615 913 2664 esse
942 2591 1111 2664 videatur.
1165 2591 1235 2663 Sed
1265 2591 1335 2664 sive
1362 2598 1417 2664 est
1441 2615 1519 2677 ars,

394 2804 689 2813 m.-

394 2940 448 2993 tur,
463 2946 548 2997 spero,
563 2932 682 2983 Ellendtii
694 2931 809 2995 suspicio,
824 2932 867 2993 qui
879 2944 932 2979 ma-
981 2930 1008 2979 in
1028 2930 1124 2981 duobus
1144 2930 1247 2989 diciurr,
1271 2944 1348 2993 quae,
1361 2944 1441 2993 quum
1452 2931 1523 2996 iungi

395 3012 463 3061 lebat
480 3014 507 3060 in
520 3013 609 3061 verbim
625 2998 753 3061 censitus
766 3016 804 3061 est
817 3008 916 3059 obiecti.
982 3014 1097 3071 possent,
1118 3024 1170 3058 non
1191 3009 1339 3074 iunguntur:
1363 3010 1418 3071 quis
1438 3016 1522 3060 autern

430 3091 486 3140 108.
514 3092 558 3153 [ea
584 3090 657 3138 rebar
678 3116 713 3126 -
732 3088 933 3151 comprehensa}
982 3088 1454 3153 dicatreseoar'aapereeamopiaiouet
1472 3090 1521 3138 Po·

396 3172 466 3218 Haec
492 3167 569 3218 verbe
598 3168 707 3219 reddunt
732 3167 785 3217 iere
806 3179 849 3228 ea,
871 3180 934 3229 quae
982 3172 1074 3216 stremc
1099 3167 1186 3216 inscite
1206 3167 1342 3231 iunguntur
1360 3169 1391 3215 ab
1408 3168 1523 3229 opinione
1598 3213 1599 3224 ,

395 3262 482 3310 supra,
505 3250 577 3307 592,
592 3246 836 3304 mercennurius,
853 3258 934 3307 neque
982 3245 1257 3308 sucaranae-traque
1270 3247 1451 3308 eompreaema.
1477 3248 1523 3295 Hir

394 3324 438 3375 illa
457 3326 566 3385 iteratio,
587 3340 735 3389 quamquam
756 3326 783 3373 h.
800 3327 820 3374 i.
833 3324 934 3373 minima
983 3325 1015 3373 de
1028 3325 1107 3374 causis
1119 3325 1238 3387 suspicor,
1251 3325 1295 3373 illa
1301 3326 1451 3388 interpolata
1458 3340 1521 3385 esse,

396 3405 548 3464 necessaria,
562 3420 608 3469 per
621 3419 648 3455 se
662 3405 795 3467 quidquam
806 3402 933 3452 habetre·
983 3418 1088 3465 quorum
1107 3402 1199 3452 bonam
1218 3409 1315 3466 partem
1335 3406 1469 3469 (pleaeqroe
1490 3433 1524 3441 -

396 3484 575 3546 prehensionis.
616 3484 666 3533 Sed
689 3482 786 3533 laborat
810 3481 934 3545 tynum,
983 3481 1114 3546 maneth)
1127 3482 1218 3534 omittit
1229 3484 1303 3532 etiam
1314 3480 1524 3547 unusliberapud

397 3564 512 3625 quoniam
530 3564 633 3613 concedi
647 3578 697 3612 non
710 3566 792 3626 potest
805 3566 834 3611 ut
847 3561 935 3611 Cicero
983 3560 1145 3610 Ellendtium.

397 3644 521 3706 scripserit
533 3658 576 3692 ara
589 3643 708 3706 definitur
718 3657 750 3691 ea
763 3644 844 3700 rebus,
858 3654 935 3702 quum
1016 3641 1205 3689 accommodata.
1235 3640 1374 3689 certissime
1395 3640 1523 3705 corrigen-

397 3728 464 3772 oerte
477 3721 614 3784 oportuerit
627 3723 664 3770 tta
678 3720 805 3784 definitur,
820 3718 934 3768 urana-
984 3718 1046 3767 dum'
1056 3720 1266 3767 accommodanda.

397 3803 488 3849 aeetae
506 3801 593 3859 rebare,
614 3804 657 3849 aut
676 3797 936 3865 (similaremur
1020 3798 1076 3846 109.
1094 3812 1156 3860 quae
1173 3798 1300 3847 οῠεονυαία
1319 3801 1386 3846 caat.
1415 3798 1525 3847 Hicusu

397 3880 432 3927 att
457 3894 541 3927 aarum
568 3892 661 3927 reram.
702 3880 740 3927 Ne
767 3877 817 3925 hoo
836 3875 935 3937 quidem
983 3876 1053 3927 venit
1072 3876 1140 3937 quod
1159 3877 1191 3924 sd
1212 3881 1225 3937 ς
1249 3876 1281 3927 97
1305 3877 1398 3925 notavi.
1433 3878 1525 3926 Putide

398 3962 493 4006 rectum
514 3961 565 4017 est,
590 3957 657 4019 quod
676 3957 784 4019 opinioni
802 3956 936 4003 arbitrium
984 3969 1043 4004 sane
1056 3955 1146 4004 dieitm
1160 3970 1222 4018 quae
1235 3959 1362 4007 anenata
1374 3956 1526 4016 cutidiana

397 4035 524 4086 tribuitur:
538 4050 595 4085 nam
610 4037 690 4098 opinio
702 4036 756 4098 ipsa
767 4038 936 4095 esttamquam
984 4034 1153 4083 animadversa
1171 4038 1243 4094 aaut,
1262 4036 1329 4097 quod
1348 4035 1448 4084 inverso
1461 4050 1525 4097 quc-

398 4114 530 4174 iudicium,
544 4120 573 4165 ut
585 4116 706 4177 opinionis
718 4113 936 4174 arbitriumaeque
985 4126 1032 4174 que
1046 4112 1133 4161 ordine
1145 4112 1192 4162 diei
1206 4114 1333 4175 potuisset.
1352 4114 1467 4173 Scilicet,
1481 4118 1525 4163 ob·

398 4196 513 4245 vitiosum
527 4194 572 4255 sit,
587 4209 660 4257 quarn
674 4194 795 4256 opinionis
806 4191 934 4241 iudicium.
983 4204 1082 4240 serrare
1093 4190 1160 4239 idem
1174 4204 1226 4241 esse
1240 4193 1307 4254 quod
1314 4194 1525 4252 animadvertere,

400 4274 467 4335 Quid
478 4289 554 4337 porro
567 4275 667 4332 horeat,
682 4272 749 4335 quod
756 4269 935 4320 dicunturillae
984 4270 1096 4319 videmus
1109 4270 1187 4329 intra,
1202 4274 1216 4331 t
1238 4272 1300 4331 146,
1319 4270 1387 4320 ocni.
1403 4273 1438 4321 ΙΙ.
1454 4276 1466 4332 ς
1480 4273 1524 4321 32.

398 4368 438 4403 rea
466 4354 592 4402 seiunctae
618 4355 648 4401 ab
674 4353 805 4414 opinione?
849 4349 936 4398 Voluit
985 4348 1065 4412 Igitur
1078 4349 1119 4397 hic
1133 4362 1232 4411 quoque
1245 4348 1380 4413 praestabit
1393 4366 1524 4414 quaerer-

399 4432 511 4495 proiecto
531 4430 573 4495 qui
593 4432 656 4480 haee
673 4430 824 4492 componit,
842 4441 883 4477 ess
895 4441 935 4476 res
984 4428 1041 4476 rata
1053 4430 1121 4475 aaut.

400 4527 450 4562 non
464 4516 576 4561 constare
591 4508 721 4572 opinione,
736 4513 779 4558 aut
787 4508 936 4569 pendereea
1018 4520 1091 4567 quam
1111 4508 1141 4554 ab
1160 4521 1213 4555 rem
1233 4523 1281 4556 aaa
1303 4535 1338 4544 —
1358 4510 1405 4557 hae
1429 4512 1527 4574 vagari

399 4593 526 4653 opinione.-
541 4590 593 4650 sed,
606 4586 934 4649 adauctameaaeatattqao,
984 4584 1097 4646 atram
1109 4600 1153 4634 arr
1164 4601 1215 4635 esee
1227 4588 1350 4636 adeatur.
1367 4586 1472 4638 Duabus
1478 4606 1525 4638 vo-
