3242 5500
350 547 372 616 6
699 559 991 610 manaremus.
1019 542 1037 622 ἓ
1065 540 1122 608 ll.

349 745 471 822 turus;
510 759 553 806 ex
586 732 750 805 omnibus
782 732 848 817 iis,
882 731 945 827 qui
977 730 1014 802 in
1040 730 1163 803 harum
1187 729 1318 801 artium
1347 729 1474 801 studiis

350 843 603 918 liberalissimis
629 843 699 914 sint
733 841 972 936 doctrinisque
995 840 1141 926 versati,
1167 840 1351 912 minimam
1380 839 1474 935 eopi-

352 981 408 1028 am
434 960 615 1050 poetarum
641 952 862 1048 egregiorum
887 950 1072 1022 exstitisse.
1107 948 1227 1047 Atque
1250 951 1288 1022 in
1313 947 1378 1021 hoc
1399 949 1476 1044 ipso

352 1088 518 1150 numero,
556 1063 594 1134 in
627 1085 697 1157 quo
728 1084 869 1158 perraro
893 1059 1046 1165 exoritur
1069 1058 1197 1156 aliquis
1222 1059 1414 1145 excellens,
1445 1058 1476 1130 si

353 1174 542 1269 diligenter
566 1178 600 1244 et
625 1196 666 1244 ex
691 1179 891 1243 nostrorum
912 1178 1007 1243 etex
1029 1170 1240 1242 Graecorum
1260 1168 1360 1264 copia
1381 1192 1474 1240 com·

353 1307 474 1380 parare
511 1283 625 1368 voles,
668 1281 781 1354 multo
817 1289 935 1352 tamen
967 1279 1147 1375 pauciores
1184 1287 1336 1351 oratores
1369 1301 1476 1374 quam

297 1411 329 1456 12
354 1401 478 1490 poetae
508 1391 594 1464 boni
625 1392 853 1488 reperientur.
907 1389 1015 1466 Quod
1046 1389 1111 1461 hoc
1143 1389 1247 1461 etiam
1280 1387 1477 1461 mirabilius

355 1503 459 1576 debet
496 1502 627 1589 videri,
666 1501 749 1597 quia
777 1509 971 1572 ceterarum
999 1500 1129 1571 artium
1159 1498 1277 1571 studia
1311 1500 1383 1571 fere
1423 1522 1475 1569 re·

354 1611 505 1686 conditis
534 1619 640 1707 atque
672 1609 801 1683 abditis
832 1634 851 1681 e
879 1609 1036 1682 fontibus
1065 1608 1297 1697 hauriuntur,
1337 1607 1477 1682 dicendi

355 1729 471 1794 autem
502 1722 616 1794 omnis
641 1721 727 1793 ratio
751 1721 789 1792 in
814 1719 931 1792 medio
955 1721 1089 1816 posita,
1115 1719 1294 1792 communi
1325 1718 1478 1815 quodam

354 1833 392 1905 in
416 1857 508 1919 usu,
535 1839 641 1928 atque
664 1833 701 1904 in
726 1830 911 1902 hominum
935 1854 1031 1902 more
1055 1838 1089 1902 et
1113 1853 1272 1901 sermone
1301 1835 1475 1900 versatur:

355 1950 394 2015 ut
428 1942 466 2013 iu
498 1941 620 2026 ceteris
645 1940 683 2013 id
706 1941 858 2012 maxime
882 1939 1050 2026 excellat,
1078 1939 1174 2035 quod
1196 1938 1402 2034 longissime
1431 1938 1476 2010 sit

355 2051 398 2124 ab
428 2051 671 2148 imperitorum
700 2050 933 2145 intelligentia
963 2073 1139 2145 sensuque
1167 2049 1406 2134 disiunctum,
1439 2049 1475 2120 in

356 2160 504 2233 dicendo
533 2168 651 2233 autem
681 2160 807 2232 vitium
842 2158 896 2231 vel
919 2159 1113 2231 maximum
1138 2159 1184 2230 sit
1207 2184 1228 2231 a
1251 2157 1389 2253 vulgari
1417 2181 1475 2254 ge·

355 2269 649 2356 minorationis,
676 2278 782 2366 atque
807 2294 828 2341 a
851 2269 1107 2342 consuetudine
1129 2268 1326 2341 communis
1356 2291 1477 2339 sensus

353 2379 548 2454 abhorrere.
1359 2441 1362 2445 ,

306 2497 330 2564 4
404 2489 457 2562 Ao
482 2514 528 2560 ne
552 2489 642 2561 illud
667 2489 810 2586 quidem
836 2514 916 2560 vere
940 2488 1010 2561 dici
1030 2496 1164 2585 potest,
1190 2496 1250 2560 aut
1275 2488 1394 2585 plures
1423 2511 1476 2558 ee·

301 2623 330 2669 rs
354 2599 438 2672 teris
474 2598 608 2671 artibus
645 2599 836 2686 inservire,
874 2607 935 2672 aut
964 2599 1094 2672 maiore
1128 2598 1380 2684 delectatione,
1418 2599 1478 2670 aut

355 2917 433 2965 multo
442 2917 573 2976 pauciores
581 2916 692 2963 oratores
699 2916 770 2963 bonos
776 2917 892 2977 reperiri.
979 2915 1022 2981 13)
1039 2918 1069 2963 ul
1087 2916 1200 2963 omittam
1214 2915 1351 2964 Graeciam.
1368 2943 1403 2954 —
1415 2919 1479 2967 Ante

356 2997 446 3045 Sanam
478 2994 624 3043 sententiam
648 3008 843 3056 consequemur,
874 2996 894 3044 si
945 2995 1021 3054 haec,
1046 3001 1146 3044 auctore
1167 2997 1291 3057 Kaysero,
1313 2996 1384 3045 omisi
1397 2996 1478 3059 atque.

357 3073 501 3137 corrigimus
514 3074 589 3135 atque
595 3074 744 3135 luncipsum
751 3088 893 3132 numerum,
945 3076 1066 3137 Exemplo
1086 3076 1252 3136 explicaturus
1266 3080 1318 3133 est,
1343 3076 1411 3135 quod
1423 3074 1478 3123 uni-

358 3156 383 3201 et
402 3152 424 3198 si
445 3164 587 3212 comparare
606 3154 683 3211 uoles,
708 3168 815 3215 nempe,
839 3158 895 3202 ute
943 3168 1016 3202 verse
1026 3154 1129 3201 dixerat.
1148 3154 1285 3216 lnreliquis
1293 3154 1342 3201 duo
1354 3154 1478 3210 dicuntur,

356 3230 485 3295 postremis
505 3234 620 3292 apparet,
635 3244 691 3279 cum
704 3236 830 3281 oratorum
848 3248 894 3280 nu·
943 3232 1008 3280 inter
1021 3246 1047 3280 se
1061 3232 1249 3295 distinguenda,
1273 3233 1402 3279 Graeciam
1417 3246 1478 3279 eem-

357 3323 435 3358 mero.
940 3324 990 3371 per
1001 3312 1153 3374 eloquentiae
1161 3311 1300 3372 principem
1307 3311 1479 3369 eceewluiaee,

393 3387 437 3451 12)
461 3384 556 3435 dicendi
586 3387 651 3435 ratio
671 3388 698 3435 in
718 3388 796 3436 medio
811 3390 896 3450 posita
946 3394 970 3438 et
983 3388 1088 3437 Attenia
1098 3404 1219 3438 summam
1230 3392 1278 3437 nm
1289 3389 1385 3437 dicendi
1397 3391 1479 3438 inaen-

359 3467 478 3515 cummuni
498 3465 602 3530 quodam
621 3468 648 3513 in
667 3481 713 3515 aaa
726 3470 895 3518 -cereatuu
946 3470 997 3515 tam
1016 3482 1068 3515 ecee
1087 3470 1113 3515 el
1127 3470 1286 3531 perfectum,
1315 3468 1480 3529 tamquamsi

359 3547 476 3595 Nondum
494 3549 619 3598 assecutus
633 3559 687 3593 sum
701 3561 749 3607 quo
763 3548 838 3596 modo
851 3548 895 3596 de·
945 3547 993 3594 alia
1013 3552 1077 3596 esset
1096 3548 1249 3610 eloquentia,
1274 3548 1430 3595 aliaeumma
1443 3547 1480 3593 di·

358 3624 896 3688 fendaturilludpronom.quodam.·etsane
945 3625 1016 3673 cendi
1039 3626 1082 3673 cis.
1130 3625 1234 3675 Probari
1245 3627 1294 3674 hoc
1314 3640 1365 3674 non
1385 3630 1479 3688 potest:

361 3702 460 3766 qnidam
472 3707 525 3751 tum
539 3703 682 3762 addisolet,
701 3706 895 3768 quumid,qno·
945 3705 989 3752 sed
1008 3719 1041 3753 ue
1061 3704 1110 3752 hoc
1122 3706 1237 3766 quidem,
1255 3710 1283 3753 ut
1297 3705 1400 3753 Graecia
1414 3706 1480 3753 dica·

361 3796 417 3830 oum
437 3782 610 3845 coniungitur,
641 3784 809 3832 excusandum
834 3799 895 3847 quo·
944 3788 985 3832 tur
1005 3784 1156 3847 eloquentiae
1164 3784 1282 3845 princeps
1295 3798 1346 3831 ecee
1364 3786 1481 3842 somnae,

361 3860 492 3907 dammodo
506 3865 557 3918 est,
576 3864 619 3909 aut
631 3862 768 3923 praedicari
781 3864 896 3912 satisnon
945 3862 971 3909 in
990 3860 1078 3924 quibus
1091 3862 1173 3911 verbis
1187 3865 1315 3925 complura
1326 3868 1384 3911 sunt
1395 3878 1481 3927 repre-

360 3943 450 4000 potest.
475 3939 533 3987 Eius
545 3944 627 3987 autem
634 3941 787 4003 generisnon
796 3947 898 3991 estueua
946 3941 1088 3989 hendendo.
1129 3942 1255 4000 Primum,
1287 3942 1404 3991 Latinum
1431 3957 1483 3990 non

362 4019 507 4075 communia,
531 4018 612 4080 itaque
632 4018 696 4067 infra
717 4021 797 4078 §192
818 4021 898 4067 amnia
947 4024 984 4069 est
1004 4021 1156 4083 eloquentiae
1170 4022 1303 4081 princeps,
1327 4021 1372 4069 sed
1395 4021 1483 4082 aliqtns

361 4098 421 4145 sunl
434 4097 518 4157 posita
534 4099 561 4145 in
574 4111 620 4145 usu
634 4098 784 4161 quotidiano.
826 4101 896 4149 Lael.
948 4098 996 4146 dici
1023 4104 1105 4159 potest
1126 4099 1244 4160 princepe
1270 4100 1423 4162 eloquentia,
1450 4101 1481 4147 si·

362 4180 375 4235 ξ
392 4178 421 4223 18
437 4189 498 4239 quae
510 4177 569 4223 sunt
581 4177 897 4239 inusaoitaquecommunl.
947 4177 997 4225 cuti
1010 4177 1101 4236 infra§
1118 4178 1165 4225 los
1180 4180 1263 4239 linqua
1271 4180 1482 4239 praeopimum,

363 4255 542 4317 corrigendum
556 4255 680 4317 suspicor,
699 4258 819 4304 communi
839 4271 897 4319 quo·
947 4271 979 4304 ne
1000 4256 1020 4304 si
1040 4262 1107 4305 recte
1121 4257 1221 4317 quidem
1236 4257 1362 4305 enuntiata
1376 4262 1440 4305 essct
1454 4272 1483 4305 ea

363 4332 503 4395 tidianoque
516 4334 542 4380 in
556 4347 610 4381 aaa.
652 4335 763 4383 Possitne
777 4336 840 4383 haec
853 4337 896 4383 de·
947 4337 1016 4393 laus,
1037 4335 1167 4384 universae
1184 4336 1302 4383 Graeciae
1326 4336 1369 4383 ille
1389 4335 1482 4397 princi·

362 4410 479 4469 lendere,
497 4412 563 4473 quod
576 4411 641 4460 infra
655 4416 666 4471 ξ
682 4414 722 4460 94.
747 4414 896 4475 reperimus,
947 4419 1018 4476 patus
1039 4416 1194 4476 eloquentiae
1214 4413 1289 4463 tribui
1303 4418 1414 4475 poterat,
1437 4428 1482 4462 ne·

363 4504 394 4535 en
407 4492 525 4537 communi
539 4490 645 4553 quadam
658 4492 898 4550 opinionelominum
947 4508 994 4555 que
1022 4494 1066 4541 ulli
1086 4496 1128 4540 vel
1148 4492 1216 4551 urbi,
1244 4496 1286 4542 vel
1305 4493 1417 4556 regioni,
1439 4493 1483 4541 sed

362 4568 457 4627 dicere,
474 4570 527 4617 istic
541 4583 665 4631 quaeram.
947 4572 1056 4631 homini,
1092 4572 1162 4621 sicuti
1195 4571 1341 4635 intelligitur
1369 4572 1439 4621 Orat.
1470 4576 1482 4630 §
