3242 5500
358 537 427 607 386

489 727 520 774 tis
540 727 604 786 illis,
629 743 691 790 quae
710 732 785 779 stulte
805 730 928 779 inculcata
948 735 1006 778 sunt
1025 732 1073 793 (cel
1091 734 1116 780 et
1133 731 1211 794 esse),
1225 732 1372 796 legendum:
1392 734 1490 794 quibus

488 806 569 853 tectus
581 808 632 867 ipsse
639 809 728 866 possis.

355 884 376 930 1.
395 887 407 940 5
425 884 466 931 38.
488 886 527 932 De
542 885 671 934 Gracchis:
687 886 797 934 omnibus
810 889 849 936 aet
861 889 974 945 naturae,
989 889 1028 936 vel
1037 889 1164 936 doctrinae
1166 890 1303 950 praesidiis
1311 891 1344 937 ad
1350 891 1489 938 dicendum

482 964 580 1023 parati.
614 963 678 1012 Fieri
696 968 777 1026 potest
797 967 874 1029 (quae
895 965 1037 1014 Ruhnkenii
1055 966 1138 1028 opinio
1160 965 1209 1028 est)
1230 971 1258 1016 ut
1272 967 1334 1016 baec
1348 967 1380 1016 ob
1394 969 1489 1016 oculos

487 1040 601 1091 habuerit
621 1043 731 1091 Velleius
746 1045 842 1093 Patere.
859 1046 893 1093 11.
907 1047 931 1092 2.
948 1047 978 1103 2,
998 1045 1032 1093 sic
1050 1046 1080 1094 de
1096 1045 1132 1094 Ti.
1152 1046 1266 1095 Graccho
1279 1045 1403 1095 scribens:
1423 1051 1486 1094 tan-

487 1121 521 1167 tis
533 1122 669 1169 adornatus
682 1122 828 1182 uirtutibus,
843 1109 953 1185 ¹piscantes
962 1124 1080 1184 perfectu
1093 1125 1118 1171 et
1133 1127 1225 1174 natura
1239 1126 1264 1172 et
1277 1125 1403 1174 industria
1413 1140 1486 1174 mor·
1557 1141 1561 1146 ·

488 1201 546 1247 talis
566 1202 673 1249 conditio
693 1201 800 1262 recipit:
827 1203 870 1252 sed
891 1208 971 1252 castae
993 1207 1017 1252 et
1036 1203 1147 1268 integrae
1169 1205 1296 1254 Latinitati
1323 1205 1487 1254 manifestam

487 1275 636 1343 dxvpoieptas
656 1279 793 1329 substituit:
813 1296 924 1343 quaeque
940 1282 1025 1330 eodem
1041 1283 1096 1330 loco
1115 1283 1146 1330 de
1168 1283 1274 1331 Gracchi
1293 1284 1435 1333 innocentia
1458 1289 1487 1332 et

485 1359 613 1407 sanctitate
633 1359 762 1417 dicuntur,
776 1361 878 1410 sordent
891 1375 951 1423 prae
965 1361 1007 1418 iis,
1022 1376 1084 1422 quae
1099 1361 1130 1408 de
1144 1362 1236 1410 Rutilio
1250 1363 1317 1424 apud
1332 1363 1485 1412 Ciceronem

485 1436 589 1500 legimus
603 1438 672 1486 Orat.
689 1439 709 1485 I.
725 1443 737 1497 5
751 1439 808 1487 229.

353 1515 373 1561 1.
393 1518 405 1571 5
422 1515 463 1562 40.
486 1514 545 1563 baec
558 1519 628 1564 aetus
640 1518 726 1565 nostra
739 1545 772 1553 —
788 1517 867 1581 (quod
878 1517 1004 1566 interdum
1013 1518 1122 1580 pudeat)
1138 1518 1202 1566 iuris
1217 1521 1306 1580 ipsura
1320 1522 1366 1567 est.
1394 1520 1485 1568 Utitur

485 1593 533 1642 hoc
547 1596 660 1657 exemplo
675 1596 832 1646 Coniunctivi
847 1597 967 1662 (pudeat)
982 1599 1129 1658 Seyffertus,
1144 1597 1171 1646 in
1183 1599 1351 1647 recentissima
1365 1599 1485 1647 Editione

487 1675 697 1734 Tusculanarum,
719 1678 746 1723 ut
767 1673 879 1724 obtineat
898 1675 967 1734 istic,
986 1678 1018 1724 V.
1033 1681 1045 1736 §
1062 1678 1123 1735 113,
1138 1682 1206 1726 recte
1219 1677 1270 1740 legi
1283 1677 1349 1739 quod
1364 1677 1486 1725 credibile

486 1751 529 1801 cir
547 1757 623 1812 esset,
644 1754 796 1815 disceditque
819 1769 834 1802 a
854 1769 910 1802 meo
924 1759 949 1804 et
963 1755 1074 1804 'fischeri
1087 1755 1194 1814 iudicio,
1210 1771 1285 1817 quum
1301 1755 1411 1804 Scholia.
1426 1755 1485 1817 Hy-

484 1847 569 1893 pomn.
593 1833 637 1881 IV.
658 1848 683 1893 p.
708 1834 763 1880 114.
780 1833 896 1882 dixissem
910 1835 948 1881 est
965 1833 1163 1883 substituendum
1179 1849 1240 1884 esse.
1278 1837 1334 1882 Non
1350 1839 1408 1883 sunt
1420 1835 1485 1882 talia

484 1911 612 1971 quantavis
637 1911 794 1959 multitudine
822 1914 993 1974 exemplorum
1016 1911 1167 1971 dirimenda,
1188 1913 1234 1960 nisi
1255 1912 1345 1961 horum
1366 1913 1484 1961 eamdem

484 2003 537 2038 esse
559 1989 680 2038 rationem
702 1995 812 2048 constet,
834 2005 897 2052 quae
912 1990 1026 2052 syntaxin
1039 1995 1110 2053 regat
1125 1991 1151 2038 in
1165 2005 1194 2040 eo
1209 1993 1277 2050 loco,
1293 1993 1388 2052 dequo
1403 2007 1483 2052 quae·

484 2072 560 2115 ratur.
596 2068 621 2116 Si
642 2069 809 2118 contendisset
822 2070 955 2131 Seyffertus
970 2070 1016 2118 isto
1031 2071 1087 2118 loco
1102 2071 1236 2133 legendum
1251 2071 1385 2132 essequod
1398 2072 1483 2118 credi·

484 2147 531 2194 biie
552 2146 594 2196 air
613 2148 661 2205 sit,
683 2149 769 2196 valere
790 2148 928 2209 potuissent
947 2149 1030 2209 aliquo
1044 2149 1119 2196 modo
1133 2150 1258 2209 exempla,
1277 2163 1340 2210 quae
1355 2150 1441 2207 affert,
1453 2149 1482 2197 in

484 2223 572 2286 quibus
596 2225 710 2275 omnibus
733 2232 771 2276 est
791 2228 910 2276 Praesens
934 2227 1103 2276 Coniunctivi.
1145 2228 1193 2276 Sed
1215 2228 1314 2276 diversa
1334 2232 1373 2277 est
1393 2242 1482 2276 eorum

483 2304 559 2360 ratio;
574 2305 688 2365 quoniam
705 2307 761 2353 Nat.
776 2307 808 2353 D.
823 2305 874 2353 111.
891 2310 903 2365 §
919 2305 1205 2366 62.puodmiserandnm
1212 2305 1481 2365 sittaboratisdicitur,

483 2397 529 2443 pro
542 2383 580 2429 ita
595 2382 712 2432 bberatts
727 2386 756 2430 at
770 2383 937 2432 miserandum
950 2383 999 2431 sit:
1017 2389 1041 2432 et
1054 2385 1086 2432 ad
1100 2385 1158 2434 Div.
1174 2387 1218 2433 IV.
1231 2387 1255 2434 3.
1264 2388 1289 2444 4,
1304 2383 1349 2434 ubi
1356 2386 1387 2434 de
1394 2385 1482 2434 Servio

483 2474 561 2521 puero
582 2461 683 2519 dicitur,
705 2461 732 2508 in
752 2476 798 2524 quo
818 2463 860 2510 ille
876 2462 1017 2521 eastimet,
1033 2465 1098 2525 quod
1106 2463 1188 2524 facite
1201 2467 1337 2526 appareat,
1354 2479 1428 2527 quam
1442 2478 1482 2512 me

485 2543 549 2588 colat
569 2543 595 2587 et
614 2542 734 2598 observet,
757 2541 802 2588 tibi
823 2556 917 2604 qaoque
934 2543 960 2590 in
974 2555 1001 2588 eo
1013 2555 1039 2590 se
1047 2543 1139 2603 facere
1150 2542 1333 2604 potissimum,
1349 2543 1397 2592 hoc
1411 2547 1482 2592 certe

484 2617 558 2667 facile
585 2627 703 2682 apparet,
730 2619 801 2667 iilum
824 2620 1015 2669 Coniunctivum
1036 2621 1196 2686 (appaream)
1218 2636 1367 2684 suspensum
1388 2635 1441 2671 csse
1466 2637 1481 2670 e

484 2702 575 2746 constr.
596 2697 692 2748 infinita
700 2733 707 2757 ‚
728 2697 857 2748 existimat
869 2700 1008 2761 sefacere,
1024 2705 1049 2749 et
1062 2700 1236 2765 corrigendum
1250 2699 1313 2759 fuit,
1329 2714 1418 2764 quam,
1433 2715 1481 2763 pro

484 2791 558 2839 poam
578 2794 616 2826 me
636 2780 716 2826 colat.-
738 2792 818 2839 neque
834 2778 900 2841 quod
912 2780 1052 2827 Relativum
1067 2784 1118 2838 est,
1134 2780 1178 2827 sed
1193 2780 1350 2829 coniunctio.
1386 2782 1417 2828 In
1431 2780 1482 2828 hoc

483 2860 565 2904 autem
587 2859 626 2905 De
647 2856 750 2905 Oratore
769 2858 841 2915 loco,
863 2858 928 2919 paud
946 2859 1072 2907 interdum
1090 2860 1198 2917 pudeat,
1220 2865 1257 2908 est
1276 2873 1322 2921 pro
1336 2860 1396 2909 adeo
1409 2858 1483 2905 estid

483 2934 575 2983 interd.
585 2937 648 2994 pud.

351 3014 373 3060 1.
391 3018 404 3071 5
422 3015 463 3060 41.
488 3014 655 3073 copiosissime
672 3015 778 3064 recurrit
797 3021 881 3063 tamen
901 3015 981 3074 infra,
1004 3016 1051 3064 111.
1075 3021 1087 3074 §
1110 3016 1172 3074 129,
1191 3031 1240 3077 quo
1253 3022 1338 3065 tamen
1351 3018 1409 3079 ipso
1422 3018 1480 3065 loco

483 3094 597 3154 equidem
609 3093 706 3142 facilius
720 3093 812 3143 ferrem
827 3095 928 3155 copiose.
1357 3093 1360 3098 ’

351 3171 372 3218 1.
391 3175 403 3228 5
420 3172 462 3219 46.
485 3171 559 3230 Quod
571 3173 668 3220 tantum
681 3188 729 3220 non
742 3178 771 3221 ut
782 3173 808 3220 in
818 3174 936 3222 Cicerone
949 3173 1113 3235 susciperetur
1121 3174 1311 3231 commendavi,
1330 3174 1403 3222 video
1410 3188 1479 3221 nunc

482 3249 587 3299 formam
598 3251 663 3299 hanc
676 3252 794 3313 loquendi
810 3266 862 3301 non
876 3252 1005 3315 indignam
1021 3252 1140 3302 Cicerone
1153 3253 1231 3301 visam
1246 3266 1299 3301 esse
1309 3252 1480 3301 Freinshemio

483 3329 522 3390 (in
543 3329 629 3377 Indice
644 3330 710 3379 riori
727 3346 752 3379 v.
768 3332 866 3379 tautum
880 3329 954 3393 non),
973 3345 1053 3392 neque
1069 3332 1193 3381 Gronovio
1208 3331 1290 3397 (cuius
1304 3330 1478 3381 auctoritatem

478 3406 571 3456 indicat
584 3408 692 3457 Orellius
705 3410 737 3457 ad
751 3411 797 3470 Ep.
813 3410 844 3457 ad
859 3410 890 3473 Q.
905 3408 962 3458 frat.
978 3411 998 3457 I.
1015 3412 1038 3457 l.
1053 3410 1077 3457 3.
1088 3412 1138 3466 11).
1162 3410 1308 3468 Praeterea,
1323 3410 1409 3472 quidni
1424 3424 1477 3459 sus·

481 3487 574 3549 ciperet
588 3488 675 3536 Cicero
687 3502 717 3535 ex
730 3488 824 3550 optimo
839 3490 988 3537 Graecorum
1003 3502 1117 3537 sermone
1131 3489 1195 3537 illud
1209 3490 1278 3549 μόνον
1294 3485 1352 3536 aba?

351 3565 373 3611 1.
392 3569 404 3623 5
422 3565 462 3613 68.
485 3564 541 3613 Duo
554 3567 599 3613 iila
611 3566 762 3627 relinqamua
774 3594 821 3625 —,
837 3568 901 3614 nibil
912 3568 1007 3615 oratori
1021 3594 1054 3603 -
1068 3568 1242 3629 relinquemus.
1277 3570 1335 3616 Non
1350 3568 1479 3631 eleganter

482 3659 559 3692 unum
578 3642 688 3693 Verbum
701 3645 871 3707 relinquendi,
889 3650 939 3695 tam
952 3644 1023 3694 brevi
1036 3646 1168 3695 intervallo
1182 3647 1279 3695 diversa
1294 3646 1379 3708 posuit
1392 3650 1477 3708 potes-

483 3727 547 3772 tate:
565 3722 633 3785 prius
647 3723 713 3771 enim
726 3724 773 3772 erit
786 3739 832 3786 pro
845 3725 973 3782 omittere,
992 3738 1040 3773 non
1054 3726 1185 3788 attinpere,
1200 3730 1228 3773 ut
1241 3727 1316 3774 Prov.
1333 3726 1407 3775 Cous.
1425 3729 1438 3783 5
1453 3726 1478 3781 6,

482 3802 604 3863 posterius
618 3803 705 3851 eodem
720 3804 795 3852 modo
808 3803 910 3865 ponitur
924 3805 945 3851 1.
959 3808 971 3862 5
984 3806 1024 3851 22.

351 3877 462 3937 1575.
484 3881 621 3942 Repudiavi
641 3882 782 3930 Nonianum
802 3883 1005 3931 ministratrices.
1048 3884 1079 3930 Et
1100 3882 1201 3931 omniuo
1217 3883 1356 3931 cavendum
1371 3886 1426 3941 est,
1446 3896 1478 3931 ne

482 3959 508 4006 in
529 3960 637 4008 Tulliani
656 3961 776 4011 sermonis
795 3961 886 4010 iudicio
899 3961 1003 4009 nimium
1014 3960 1151 4010 tribuamus
1164 3961 1248 4020 istius,
1268 3961 1379 4023 quamvis
1393 3962 1478 4021 docti,

483 4040 650 4089 Grammatici.
688 4042 806 4089 Portenta
826 4041 961 4089 lectionum
981 4040 1077 4102 aliquot
1097 4055 1127 4089 ex
1144 4054 1173 4089 eo
1187 4041 1249 4089 haec
1264 4041 1345 4089 notari
1357 4048 1477 4101 possunt:

483 4118 504 4164 I.
521 4122 533 4176 5
548 4118 588 4166 st.
604 4122 683 4167 tecum
696 4134 777 4167 seram
791 4120 893 4179 neunt,
911 4134 956 4182 pro
972 4120 1052 4168 tecum
1067 4120 1270 4169 conmunicabit:
1290 4120 1326 4167 ΙΙ.
1341 4124 1353 4177 5
1369 4120 1409 4167 94.
1426 4133 1478 4167 ser·

482 4201 526 4245 vat
538 4195 675 4256 emblema,
693 4197 812 4261 mapister
824 4199 929 4246 istorum
942 4200 1064 4246 omnium:
1080 4197 1139 4247 ibid.
1156 4204 1168 4257 5
1185 4196 1230 4247 177
1245 4199 1412 4257 interiuncta,
1431 4214 1480 4261 pro

482 4277 656 4337 interpuncta:
676 4278 726 4325 111.
742 4281 754 4335 5
771 4277 827 4325 100.
843 4278 922 4325 einais
935 4291 980 4339 pro
995 4278 1133 4326 cincinnis:
1158 4277 1226 4326 Orat.
1243 4282 1255 4335 5
1270 4279 1311 4325 21.
1330 4279 1360 4324 ut
1374 4278 1479 4334 cianus,

482 4370 527 4417 pro
548 4357 658 4404 vicinas:
683 4355 743 4404 ibid.
766 4360 779 4414 5
800 4356 841 4403 40.
872 4356 1030 4414 Theodectes,
1055 4371 1101 4419 pro
1126 4356 1277 4405 Theodorus:
1302 4354 1363 4404 ibid.
1390 4358 1479 4414 5125.

482 4435 621 4492 tortuosae,
638 4449 685 4496 pro
698 4437 821 4483 actrwsae.
1058 4450 1062 4463 .

350 4512 371 4559 1.
390 4516 403 4570 5
422 4515 461 4562 85.
485 4512 617 4562 Vindicavi
631 4514 808 4563 correctionem
825 4527 920 4573 meam,
941 4516 1006 4563 omni
1020 4516 1147 4563 abundans
1159 4514 1289 4561 doctrina.-
1308 4513 1416 4575 addique
1431 4528 1479 4576 po-

480 4597 544 4642 terat
556 4592 606 4642 boc
619 4594 776 4657 exemplum,
791 4594 848 4641 Nat.
864 4593 895 4641 D.
912 4594 960 4642 III.
977 4598 989 4652 5
1004 4594 1051 4651 23,
1066 4594 1130 4643 omui
1143 4592 1256 4641 doctriua
1269 4592 1393 4641 eruditus.
1427 4593 1479 4641 Sed
