3242 5500
290 591 294 596 -
390 544 460 612 200
703 567 816 614 irena
843 565 1046 618 strennuus.
1075 551 1092 631 §
1121 549 1201 618 191.

388 744 498 807 torem
532 737 648 833 ipsum
680 739 793 834 magis
827 740 953 826 etiam,
989 765 1095 835 quam
1127 763 1343 836 quemquam
1372 763 1493 822 eorum,

317 869 364 915 ut
389 847 451 942 qui
473 847 642 932 audiunt,
669 856 858 942 permovet.
898 849 965 934 Et,
991 873 1036 920 ne
1058 849 1124 922 boo
1146 849 1184 919 in
1208 849 1342 933 causis,
1368 848 1403 919 iu
1420 848 1494 920 iudi·
1594 913 1595 946 r

389 956 469 1040 ciis,
495 956 532 1026 in
555 959 745 1028 amicorum
770 957 950 1053 periculis,
977 959 1014 1030 in
1039 983 1213 1030 concursu
1229 957 1425 1042 hominum,
1451 952 1492 1051 [in
1593 951 1595 966 ¹

388 1066 529 1137 civitate
540 1060 565 1158 ,]
602 1065 639 1136 in
673 1066 746 1137 foro
766 1066 923 1138 accidere
953 1068 1139 1153 miremur,
1166 1091 1277 1164 quum
1301 1067 1415 1161 agitur
1436 1091 1493 1137 non
1593 1079 1595 1164 ᾗ

389 1175 502 1246 solum
534 1174 669 1270 ingenii
701 1176 810 1247 nostri
842 1176 1052 1248 existimatio
1086 1181 1182 1262 (nam
1207 1176 1245 1247 id
1269 1184 1360 1248 esset
1384 1175 1492 1246 levius:
1593 1167 1595 1202 ⁴

388 1307 613 1380 quamquam,
631 1309 742 1379 quum
755 1284 931 1381 professus
945 1286 1004 1371 sis,
1022 1294 1057 1357 tc
1073 1286 1110 1356 id
1123 1310 1225 1382 posse
1241 1273 1400 1380 [facere]
1416 1283 1495 1379 quod

386 1394 508 1488 pauci,
543 1419 588 1464 ne
621 1393 658 1464 id
682 1393 826 1489 quidem
851 1393 1105 1490 negligendum
1130 1398 1221 1480 est);
1249 1394 1401 1467 sedulia
1427 1403 1519 1496 sunt¹

386 1503 516 1574 maiora
540 1503 668 1588 multo,
695 1503 799 1588 fides,
826 1505 997 1589 officium,
1025 1504 1226 1600 diligentia,
1257 1503 1387 1600 quibus
1408 1495 1495 1574 rebus

386 1612 548 1698 adducti,
587 1613 692 1684 etiam
727 1638 838 1708 quum
867 1614 1100 1686 alienissimos
1126 1613 1368 1700 defendimus
1395 1622 1494 1686 tamen

387 1746 445 1793 eos
469 1721 620 1807 alienos,
648 1721 677 1793 si
695 1723 766 1818 ipsi
789 1723 854 1795 viri
871 1723 955 1794 boni
973 1724 1133 1796 volumus
1150 1723 1288 1809 baberi,
1316 1723 1495 1794 existimare

314 1848 361 1894 1⁹³
387 1855 457 1902 non
482 1855 685 1926 possumus:
713 1832 793 1918 sed,
824 1828 882 1928 [ut
907 1833 980 1904 dixi
991 1829 1018 1927 ,l
1048 1857 1092 1905 nc
1116 1834 1181 1905 hoc
1206 1833 1243 1904 in
1266 1832 1368 1904 nobis
1385 1833 1494 1904 mirum

386 1965 462 2012 esse
485 1941 659 2027 videatur,
686 1941 774 2037 quid
798 1950 924 2038 potest.
938 1966 1012 2014 esse
1036 1951 1109 2014 tam
1126 1943 1268 2028 fictum,
1299 1938 1419 2038 [quam
1434 1963 1494 2010 ver·

388 2074 446 2121 sus
460 2045 485 2145 ]
513 2075 619 2145 quam
644 2075 766 2135 scena,
793 2076 897 2146 quam
924 2051 1068 2124 fabula?
1093 2059 1210 2123 tamen
1236 2052 1272 2123 in
1295 2051 1361 2123 hoe
1386 2073 1495 2146 genere

387 2184 489 2256 saepe
516 2155 625 2255 [ipse]
653 2160 744 2245 vidi,
772 2169 812 2232 ut
836 2185 878 2232 ex
904 2185 1051 2257 persona
1075 2161 1163 2233 mihi
1188 2160 1308 2232 ardere
1333 2158 1493 2269 oculibfo·
1594 2157 1595 2162 ’

387 2269 491 2341 minis
515 2269 694 2342 histrionis
717 2269 919 2342 viderentur
944 2271 1125 2366 spondalia
1149 2271 1210 2343 illa
1235 2269 1401 2354 dicentis,
1424 2304 1429 2313 ·

408 2372 624 2401 ,μα-...η-
953 2361 1210 2395 ...μ-...ιο

433 2424 619 2524 Seprepcre
634 2428 695 2500 oda
712 2441 743 2500 te
760 2426 892 2511 ousu'S,
908 2442 970 2501 aut
988 2429 1137 2502 sincello
1154 2424 1341 2502 Saturnino
1353 2422 1495 2523 inpradi?

433 2532 555 2635 Neque
575 2549 761 2632 paternum
786 2551 961 2632 aspectum
986 2563 1020 2611 es
1044 2537 1198 2610 veritus?

434 2708 639 2804 Numquam
667 2707 767 2780 illurn
801 2720 976 2803 aspectum
1009 2707 1166 2793 dicebat,
1203 2707 1289 2803 quin
1324 2705 1410 2779 mibi
1438 2703 1492 2776 Te·
1593 2743 1594 2746 π

384 2818 476 2890 lamo
505 2819 613 2890 iratus
642 2818 756 2889 furere
786 2818 882 2889 luctu
920 2818 984 2890 lilii
1022 2818 1208 2890 videretur.
1263 2815 1313 2891 At
1337 2816 1428 2889 idem
1449 2815 1493 2887 in·

384 2927 475 2998 flexa
497 2928 542 2999 ad
567 2926 802 2999 miserabilem
828 2951 953 2999 sonum
978 2952 1081 3014 voce,

383 3178 518 3238 eademque
532 3178 657 3233 decanea,
671 3193 736 3235 mox,
751 3179 775 3225 in
784 3178 922 3227 verbisniei
971 3180 989 3227 si
1010 3180 1111 3235 liceret,
1133 3176 1304 3239 postulabatur
1327 3176 1351 3223 h.
1366 3177 1383 3222 1.
1398 3177 1426 3222 ut
1438 3174 1492 3220 dire-

384 3258 412 3304 ta
426 3257 463 3312 ei,
481 3255 530 3304 hoc
543 3255 565 3301 ei
578 3257 771 3319 expungendum
785 3263 830 3305 est.
895 3301 897 3305 .
970 3259 1041 3306 bam.-
1064 3257 1171 3305 necdum
1185 3255 1320 3317 quidquam
1334 3254 1444 3308 diceret,
1458 3248 1494 3298 scd
1592 3250 1593 3305 ξ

417 3350 478 3395 quae
486 3335 569 3395 poerit
581 3335 678 3381 iacendi
691 3336 739 3382 aar·
751 3362 793 3383 —.
829 3337 920 3396 Perpe·
970 3336 1052 3385 dicere
1071 3335 1219 3383 instituerat.
1254 3334 1317 3382 Satis
1337 3334 1368 3381 de
1387 3344 1450 3379 more
1461 3330 1492 3375 in·

382 3429 435 3460 rum
449 3413 475 3460 in
489 3413 565 3461 Editt.
577 3413 783 3477 distinguebatur,
798 3428 919 3475 quaepoe-
969 3415 1144 3463 staurationem
1158 3413 1251 3461 indicat
1266 3413 1338 3461 coni.
1351 3412 1400 3458 aed.

382 3493 541 3549 attinendi,
556 3493 604 3539 aiei
616 3520 658 3539 -.
1001 3506 1074 3552 saepe
1095 3493 1172 3553 [aare]
1192 3493 1249 3539 aidi.
1285 3493 1387 3540 Constat
1398 3489 1423 3535 in
1435 3484 1494 3534 libris

417 3572 474 3620 192.
494 3572 533 3632 [iu
553 3571 676 3631 civitate}
711 3570 779 3620 Nihil
801 3571 850 3617 huc
863 3584 919 3631 per·
969 3571 1088 3619 confundi
1108 3572 1188 3619 solere
1207 3583 1280 3630 ωερε
1303 3570 1404 3627 etipse.
1437 3563 1493 3612 ΗΛ.

381 3652 444 3698 tinet
469 3650 600 3710 peculiaris
629 3648 722 3697 mentio
750 3649 874 3705 ciuitatis,
895 3648 919 3697 iu
968 3648 1134 3713 dittographia
1155 3648 1241 3695 relicta
1258 3654 1310 3705 est,
1326 3645 1493 3703 delendumque

380 3727 514 3789 primisque
532 3727 667 3789 improprie
687 3716 853 3789 inlerponitur
872 3727 920 3776 hoc
968 3729 1028 3789 iprae.

380 3806 445 3853 iuter
456 3819 600 3853 macerarem
614 3809 639 3854 et
644 3807 745 3866 forum.
777 3806 919 3853 Deleudum
1004 3808 1089 3868 [quum
1102 3805 1209 3866 miratu]⁸
1237 3806 1373 3853 Multorum
1385 3799 1493 3849 librorum

289 3944 297 3952 ο
381 3897 479 3931 censeo.
967 3885 1112 3933 auctoritate
1140 3884 1202 3931 haec
1229 3883 1318 3931 melius
1345 3881 1492 3930 omittuntur,
1591 3882 1592 3919 i

415 3964 440 4008 te
459 3960 488 4007 id
500 3975 573 4021 poree
595 3963 606 4023 [
626 3963 720 4022 acere}
755 3963 793 4009 De
806 3964 919 4011 tollendo
968 3964 1083 4026 quoniam
1104 3964 1129 4011 in
1148 3977 1222 4011 versu
1235 3962 1289 4023 ipso
1303 3960 1366 4009 nihii
1378 3957 1479 4021 fingitur.

374 4040 467 4097 facere
486 4040 570 4086 notavi
590 4040 622 4086 ad
642 4041 664 4087 l.
687 4041 763 4097 §126
777 4046 802 4089 et
816 4044 878 4089 264:
894 4048 919 4089 et
999 4040 1127 4103 spondalia
1148 4042 1201 4088 illa.
1236 4042 1273 4088 Ex
1292 4038 1416 4101 ingeniosa
1428 4033 1492 4083 Pide-

379 4117 483 4166 fortasse
497 4119 518 4165 l.
534 4119 589 4175 §31
609 4132 708 4179 quoque
723 4119 862 4167 infinitivus
875 4120 918 4167 ille
967 4120 1016 4167 ritii
1037 4120 1179 4169 coniectura
1199 4118 1381 4180 suscipiendum
1398 4126 1492 4167 censeo,

379 4197 505 4245 tollendus
518 4196 607 4244 fuerat.
967 4199 996 4245 ut
1009 4213 1055 4246 rua
1067 4201 1153 4271 monte
1167 4199 1247 4245 aliena
1261 4198 1374 4245 dicentia.

416 4276 471 4323 193,
489 4290 562 4337 quom
583 4275 683 4336 fabula.
726 4276 765 4324 Sic
786 4291 800 4323 e
821 4275 918 4325 duobus
999 4278 1069 4325 illum
1103 4279 1236 4336 aspectum.
1285 4276 1361 4323 Recte
1390 4266 1493 4319 defendit

378 4353 447 4401 libris
462 4354 542 4411 edidi,
557 4369 602 4415 pro
615 4356 685 4416 vulg.
695 4356 809 4415 fabulae.
967 4358 1084 4404 Ernestus
1106 4356 1192 4411 illam,
1214 4369 1259 4415 pro
1280 4354 1351 4401 illud.
1390 4352 1492 4408 Nempe,
1590 4358 1591 4383 r

411 4434 469 4489 red,
494 4434 535 4493 [ut
554 4433 633 4493 duait
668 4434 794 4493 Nusquam
813 4433 876 4480 illud
889 4436 918 4481 ut
967 4436 1033 4495 quod
1046 4435 1071 4481 in
1086 4437 1181 4483 Graeco
1189 4431 1491 4488 sermouearticulusprue·

380 4512 433 4556 dixi
447 4510 481 4558 itu
495 4511 607 4572 usurpari
620 4511 672 4558 vidi
683 4511 916 4572 apudCiceronem,
967 4518 1029 4569 stat,
1051 4512 1093 4560 ubi
1105 4528 1156 4561 non
1170 4527 1223 4569 res,
1239 4512 1283 4560 sed
1297 4507 1441 4558 vocabulum
1454 4503 1492 4550 de·

379 4587 404 4634 in
424 4588 583 4637 instauranda
602 4590 724 4638 sententia
737 4589 856 4651 obrupta,
877 4596 916 4646 et,
966 4591 1114 4653 signandum
1135 4599 1187 4649 est,
1208 4591 1234 4638 id
1247 4591 1273 4639 iu
1288 4589 1375 4638 Latino
1388 4595 1492 4635 sermons
