3242 5500
395 540 465 609 254
707 560 820 608 nrssn
846 562 1048 613 ssouunus.
1077 547 1094 627 §
1119 545 1202 613 330.

393 756 516 804 causae
529 756 733 817 noceamus,
757 733 911 806 accidat:
933 758 1014 807 nam
1027 735 1073 807 ad
1086 760 1259 807 summam
1272 736 1517 807 totiuseansae

394 842 547 937 pertinet
576 850 697 927 caute,
735 866 779 914 an
814 851 936 916 contra
969 844 1207 917 demonstrata
1241 869 1296 917 res
1330 845 1395 931 sit,
1423 843 1515 939 quod

393 951 507 1023 omnis
532 952 699 1025 orationis
723 952 879 1047 reliquae
902 953 980 1025 fons
1003 962 1057 1026 est
1079 955 1244 1027 narratio.

321 1068 365 1115 ⁸³¹
442 1062 608 1156 Sequitur
641 1069 681 1133 ut
716 1086 821 1133 causa
853 1071 1021 1157 ponatur,
1055 1064 1092 1135 in
1127 1088 1198 1160 quo
1235 1063 1430 1136 videndum
1465 1070 1514 1134 est

395 1170 482 1267 quid
512 1170 549 1243 iu
584 1171 854 1243 controversiam
881 1172 1007 1245 veniat.
1060 1174 1151 1245 'lum
1184 1172 1406 1269 suggerenda
1433 1182 1516 1244 sunt

394 1280 613 1351 firmamenta
636 1302 760 1352 causae
784 1280 990 1367 coniuncte,
1016 1290 1052 1355 et
1075 1280 1296 1355 infirmandis
1320 1283 1512 1364 eontrariis,

394 1398 430 1487 et
453 1390 525 1461 tuis
549 1389 810 1462 confirmandis.
838 1391 1001 1487 Namque
1023 1416 1095 1463 una
1115 1392 1153 1463 in
1173 1392 1288 1463 causis
1304 1391 1394 1463 ratio
1409 1415 1513 1486 quae-
1574 1444 1579 1449 .

394 1498 476 1571 dam
509 1506 562 1571 est
595 1498 669 1570 eius
693 1498 877 1585 orationis,
903 1524 994 1595 quae
1017 1500 1062 1573 ad
1086 1499 1304 1597 probandam
1329 1523 1514 1595 argumen-

392 1608 561 1681 tationem
593 1608 698 1680 valet:
734 1632 775 1679 ea
799 1615 915 1681 autem
941 1618 975 1681 et
994 1610 1315 1694 confirmationem,
1340 1617 1376 1681 et
1398 1633 1512 1705 repre·

394 1716 598 1789 hensionem
633 1717 785 1813 quaerit:
823 1717 885 1790 sed
917 1718 1001 1815 quia
1032 1742 1148 1815 neque
1176 1718 1402 1813 reprehendi,
1426 1742 1511 1813 quae

393 1835 514 1899 eontra
547 1825 730 1912 dicuntur,
766 1836 935 1921 possunt,
971 1827 1041 1899 nisi
1076 1837 1138 1900 tua
1165 1828 1372 1912 confirmes,
1400 1852 1511 1922 neque

394 1936 478 2009 haec
510 1936 728 2021 confirmari,
763 1936 832 2007 nisi
857 1936 917 2009 illa
941 1936 1192 2033 reprehendas,
1218 1936 1348 2009 ideireo
1371 1936 1511 2008 haeret

319 2069 367 2115 aaa
394 2053 535 2131 natura,
559 2054 593 2117 et
616 2045 784 2131 utilitate,
809 2046 1069 2119 attrectatione
1092 2047 1278 2119 coniuncta
1302 2053 1398 2117 sunt,
1428 2046 1509 2116 Om-

392 2154 451 2227 nia
475 2163 592 2228 autem
617 2153 859 2227 concludenda
881 2155 1089 2251 plerumque
1114 2154 1219 2227 rebus
1244 2154 1433 2250 augendis,
1459 2154 1509 2225 vel

392 2264 642 2337 inflammando
660 2263 793 2351 iudice,
816 2264 872 2335 vel
890 2263 1098 2359 mitigando:
1121 2264 1310 2359 omniaque
1328 2288 1439 2358 quum
1455 2289 1508 2335 sn·

392 2373 587 2470 perioribus
620 2373 787 2447 orationis
823 2374 925 2459 locis,
959 2381 1036 2446 tum
1071 2374 1224 2445 maxime
1259 2383 1434 2458 extremo,
1467 2372 1509 2443 ad

391 2492 527 2555 mentes
569 2482 728 2557 iudicum
763 2506 870 2578 quarn
902 2483 1054 2555 maxime
1092 2483 1363 2577 permovendas,
1400 2491 1436 2554 et
1466 2481 1505 2553 ad

392 2592 582 2665 utilitatem
606 2601 762 2665 nostram
782 2592 954 2665 vocandas
984 2592 1195 2665 conferenda
1221 2601 1315 2665 sunt.

321 2728 365 2778 aaa
440 2703 566 2800 Neque
599 2724 681 2776 sane
706 2701 775 2776 iam
797 2724 901 2775 causa
921 2701 1060 2775 videtur
1085 2725 1181 2789 esse,
1206 2726 1269 2774 eur
1292 2725 1507 2824 secerqamus

425 3020 483 3068 331.
507 3019 566 3066 haee
588 3016 733 3074 stratura,
753 3015 930 3064 -roaa'uneta
977 3017 1026 3064 111.
1042 3021 1054 3075 ς
1072 3019 1134 3074 104,
1148 3019 1275 3079 suspicor,
1294 3019 1375 3066 locum
1392 3016 1505 3064 sicresti·

391 3099 458 3145 aunt.
483 3095 606 3154 Quoniam
624 3094 683 3156 quid
696 3095 721 3142 iu
734 3094 770 3142 rei
784 3096 876 3142 natura
890 3108 928 3143 es·
976 3095 1097 3143 tuendum
1121 3109 1189 3152 esse,
1209 3123 1244 3131 -
1263 3097 1337 3143 rebar
1349 3094 1507 3157 salsamentis
1609 3146 1610 3155 p

391 3179 428 3223 set
454 3174 502 3222 iam
523 3173 616 3222 dietum
634 3178 700 3229 erat,
722 3170 857 3234 praestabit
873 3187 928 3220 eor·
976 3175 1002 3222 et
1014 3174 1209 3235 inflammandis,
1224 3175 1263 3220 oet
1276 3173 1415 3237 mitipaadtr
1426 3172 1453 3218 et
1465 3173 1505 3217 ab·
1609 3187 1611 3213 ι

390 3252 483 3315 rigere,
512 3254 542 3299 ast
561 3251 668 3310 natura,
697 3251 735 3300 aa
754 3251 867 3298 utilitate
885 3277 928 3298 -.
975 3251 1096 3298 ramosa.
1122 3253 1170 3300 Rea
1187 3250 1450 3315 inflammarequidsit
1463 3264 1505 3310 ap·

393 3331 466 3380 Haud
484 3329 626 3378 dissimilem
640 3329 840 3380 coniunctionem
854 3331 928 3378 nata·
975 3333 1047 3389 paret
1053 3343 1084 3378 ex
1090 3329 1203 3391 iis‚quae
1210 3328 1327 3378 ffleuntur
1333 3343 1411 3390 supra,
1425 3329 1506 3385 5209.

391 3423 435 3458 rue
456 3416 480 3456 et
499 3407 620 3456 utilitatis
639 3407 795 3470 persequitur
810 3408 927 3466 Crassus,
1009 3408 1066 3456 333.
1086 3408 1143 3468 [ast
1167 3407 1370 3469 laudationibus}
1401 3407 1504 3466 Oporte-

392 3488 440 3536 ΙΙΙ.
456 3490 469 3545 ξ
486 3486 542 3536 178.
974 3482 1018 3532 bat
1036 3486 1124 3532 saltem
1143 3487 1189 3532 aut
1208 3484 1239 3532 de
1259 3485 1448 3534 samtarein.-
1461 3483 1504 3531 sed
1608 3498 1609 3503 ¹

424 3567 482 3616 332.
500 3565 573 3612 rebus
579 3565 703 3628 aspendio,
712 3563 928 3626 aelinflsmmsado
974 3566 1054 3610 totum
1068 3563 1116 3610 hoe
1128 3563 1255 3612 insititiam
1270 3569 1319 3621 est,
1334 3561 1432 3612 uthere
1443 3562 1505 3609 vidis

390 3646 484 3702 iudice,
498 3643 690 3708 retms'tipaado.
718 3642 928 3691 Nihilmutosen·
976 3641 1108 3701 Kaysenrs.
1149 3641 1247 3690 Etenim
1266 3642 1365 3698 omnia,
1386 3654 1445 3701 quae
1463 3653 1503 3686 se·
1554 3705 1564 3714 ·
1608 3648 1609 3703 J

390 3723 493 3772 tentiam
514 3736 594 3770 meam
609 3721 640 3770 da
654 3721 702 3770 hoe
716 3722 786 3777 loeo,
801 3721 843 3782 qui
856 3720 882 3770 in
895 3720 927 3769 li·
976 3723 1101 3780 quuntur,
1125 3734 1187 3767 unas
1200 3720 1458 3780 mmiouesspertant3
1471 3717 1504 3764 de
1608 3726 1610 3779 ζ

390 3801 441 3849 bris
461 3801 601 3862 turpissime
621 3798 773 3848 deformatus
790 3803 836 3849 est.
870 3800 927 3848 Non
976 3797 1158 3845 mutationibus
1177 3798 1305 3859 aliquanto
1325 3797 1503 3860 postiemum,

391 3878 493 3928 defendi
509 3892 581 3940 posse
595 3877 732 3935 contendo,
747 3881 775 3924 ut
788 3890 829 3924 rea
842 3878 928 3936 asperi
976 3879 988 3934 t
1016 3876 1081 3933 341,
1107 3890 1187 3936 pauca
1212 3882 1355 3925 monentur.
1393 3873 1503 3935 Sequitur

391 3957 505 4006 dicantur
518 3955 927 4018 aetinflammsadoiadtee,retmi·
975 3953 1097 4002 Antonius
1124 3968 1179 4002 eam
1202 3953 1410 4009 distributionem,
1429 3965 1503 4012 quam

391 4035 499 4102 tipundo.
533 4036 590 4084 Duo
609 4034 653 4082 iila
671 4031 760 4090 verba,
775 4034 929 4094 taflmmsre
976 4032 1078 4080 Crassus
1097 4037 1222 4089 servarat,
1237 4037 1262 4081 et
1274 4037 1428 4094 praeceperat
1444 4029 1502 4078 Ari·
1607 4074 1608 4079 ,

391 4122 416 4166 et
429 4115 557 4178 mitiqsrm
571 4126 630 4162 sana
643 4112 780 4176 iunguntur
793 4125 892 4174 quoque
905 4113 927 4160 1.
975 4111 1090 4167 stoteles,
1118 4115 1207 4172 (quare
1227 4111 1291 4159 illud
1311 4109 1426 4160 tradenda
1441 4108 1504 4156 aaut
1607 4134 1608 4149 2

391 4199 404 4256 5
432 4193 493 4240 202:
522 4191 566 4240 red
589 4190 679 4240 iudicia
697 4189 849 4239 mentionem
868 4189 928 4238 hine
974 4188 1120 4236 mutandum
1142 4187 1168 4235 in
1188 4189 1380 4253 enarrasset),
1399 4186 1503 4246 utprius
1607 4220 1608 4245 ,

390 4273 496 4322 alienam
510 4283 563 4320 essa
577 4268 658 4332 arguit
668 4282 781 4329 equens,
796 4269 928 4317 admeatea
974 4265 1068 4314 diceret
1087 4267 1119 4314 de
1139 4268 1184 4314 tite
1202 4267 1311 4325 manda,
1328 4283 1399 4329 quam
1410 4269 1502 4327 partem

390 4350 499 4399 sauream
512 4345 704 4410 permovendas,
725 4345 814 4407 quihus
827 4346 927 4393 demum
975 4344 1049 4392 modo
1062 4342 1183 4402 absolvit,
1197 4349 1251 4393 tum
1265 4346 1297 4394 de
1310 4347 1407 4394 casato
1415 4344 1502 4399 mado,

390 4427 464 4478 totius
484 4425 610 4488 praecepti
629 4423 759 4474 eonsilium
781 4423 927 4484 explicatur.
975 4422 1081 4470 exclusis
1108 4421 1304 4472 laudationibus:
1333 4423 1397 4472 coni.
1422 4426 1433 4480 ξ
1459 4422 1502 4468 43.

392 4507 438 4562 Et,
460 4505 575 4564 quoidam
596 4503 682 4552 eadem
704 4502 744 4550 hie
763 4501 876 4550 dormine
889 4501 927 4550 vi·
976 4501 1046 4548 Idem
1066 4501 1129 4548 ordo
1142 4505 1167 4549 et
1179 4502 1297 4550 transitus
1309 4500 1442 4551 servabatur
1457 4498 1502 4547 In-

392 4584 463 4632 detur
484 4581 603 4643 proponi,
626 4595 688 4643 quae
710 4582 798 4629 Crasso
812 4578 927 4628 tribuitur
976 4583 1043 4628 vent.
1059 4580 1095 4626 ΙΙ.
1110 4584 1123 4638 ξ
1139 4581 1202 4637 153,
1218 4595 1253 4641 sq.
