3242 5500
471 452 584 567 nnn
611 518 780 567 ananus.
809 501 911 583 §.aa
1183 501 1253 569 ara

130 691 264 763 Eadem
298 692 386 763 ratio
416 700 469 763 est
501 691 626 763 harum
657 690 786 762 artium
814 691 1058 763 maximarum.
1110 691 1197 763 Dies
1222 700 1256 763 et

130 809 252 873 noctes
281 800 396 871 virum
426 824 563 872 summa
592 800 723 872 virtute
738 808 799 911 0et
831 800 1018 896 prudentia
1050 796 1255 873 videbamus

130 908 341 1007 philosophq
376 934 487 1003 quum
522 934 662 1005 operam
700 909 821 996 daret,
860 913 906 985 Q.
943 909 1183 982 Tuberonem:
1219 918 1256 983 at
1301 930 1323 1001 ¹,

131 1020 206 1091 eius
233 1017 446 1090 avunculum
472 1019 530 1090 vix
553 1018 768 1111 intelligeres
791 1018 829 1089 id
854 1042 976 1113 agere,
1003 1043 1113 1113 quum
1138 1028 1258 1113 ageret

130 1138 270 1213 tamen,
296 1126 514 1199 Africanum.
568 1128 642 1199 Ista
667 1127 851 1200 discuntur
872 1128 994 1214 facile,
1019 1130 1049 1199 si
1067 1136 1102 1199 ct
1119 1136 1257 1200 tantum

131 1261 270 1323 sumas,
295 1244 469 1331 quantum
494 1261 582 1331 opus
607 1237 673 1321 sit,
697 1244 732 1309 et
757 1236 909 1323 habeas,
936 1238 998 1333 qui
1023 1236 1147 1308 docere
1169 1237 1255 1309 fide-

130 1347 211 1419 liter
243 1347 374 1441 possit,
408 1354 443 1417 et
467 1347 560 1417 scias
587 1346 694 1417 etiam
717 1346 792 1442 ipse
817 1346 967 1417 discere..
1013 1345 1104 1433 Sed,
1131 1346 1161 1418 si
1183 1355 1257 1419 tota
1282 1381 1312 1427 ss

130 1456 202 1528 vita
237 1454 327 1539 nihil
359 1455 443 1527 velis
477 1455 575 1526 aliud
605 1479 728 1549 agere,
753 1455 831 1549 ipsa
853 1455 1012 1527 tractatio
1029 1464 1074 1527 et
1098 1458 1256 1552 quaestio

131 1564 291 1659 quotidie
323 1589 365 1635 ex
394 1588 430 1635 se
456 1564 573 1659 gignit
593 1564 748 1658 aliquid,
775 1564 872 1660 qnod
894 1588 976 1639 curn
999 1564 1173 1639 desidiosa
1195 1566 1254 1637 de·

134 1674 323 1746 lectatione
352 1673 522 1768 vestiges:
555 1673 605 1745 ita
637 1674 698 1759 fit,
731 1681 770 1745 ut
803 1673 952 1769 agitatio
984 1698 1103 1746 rerum
1135 1676 1182 1747 sit
1204 1675 1257 1745 in-

134 1784 259 1869 finita,
295 1782 450 1875 cognitio
481 1781 614 1867 facilis,
649 1782 678 1854 si
711 1806 796 1854 usus
831 1782 1027 1854 doctrinam
1051 1783 1255 1870 confirmet,

69 1956 70 1959 ,
134 1890 322 1963 mediocris
358 1914 461 1985 opera
495 1890 688 1977 tribuatur,
721 1892 888 1963 memoria
925 1891 1154 1993 studiumque
1178 1917 1255 1988 per·

134 1996 293 2074 maneat:
328 1999 414 2071 libet
443 2008 560 2072 autem
590 2023 727 2094 semper
746 2000 922 2087 discere,
947 2010 988 2071 ut
1013 2001 1043 2072 si
1066 2002 1168 2073 velim
1191 2022 1276 2097 ego‘

133 2110 215 2183 talis
239 2109 372 2206 optime
393 2108 534 2195 ludere,
560 2116 621 2180 aut
645 2109 738 2205 pilae
759 2109 876 2182 studio
897 2118 1035 2196 tenear,
1062 2110 1168 2182 etiam
1188 2111 1256 2182 for·

132 2229 226 2291 tasse
257 2219 287 2291 si
311 2220 451 2315 assequi
472 2242 543 2290 non
568 2220 718 2314 possim:
741 2226 778 2291 at
799 2218 879 2304 alii,
903 2219 986 2316 quia
1010 2220 1184 2315 praeclare
1205 2220 1255 2291 la·

132 2330 255 2413 ciunt,
284 2326 546 2413 vehementius,
573 2352 679 2423 quam
703 2352 806 2400 causa
828 2328 1004 2424 postulat,
1027 2328 1257 2415 delectantur,

133 2446 174 2509 ut
208 2437 323 2509 Titius
357 2437 450 2532 pila,
483 2436 606 2509 Brulla
640 2437 733 2509 talis.
786 2438 905 2513 Quare
939 2437 1030 2509 nihil
1060 2447 1136 2525 est,
1162 2439 1259 2534 quod
1284 2480 1314 2525 89

133 2548 326 2644 quisquam
365 2546 646 2642 magnitudinem
685 2546 813 2618 artium
850 2570 893 2618 ex
931 2571 992 2634 co,
1030 2547 1126 2643 quod
1159 2572 1259 2620 senes

134 2657 294 2743 discunt,
332 2656 565 2753 pertimescat:
597 2680 749 2752 namque
779 2663 841 2729 aut
872 2680 973 2729 senes
997 2656 1039 2728 ad
1064 2682 1122 2730 cas
1143 2682 1258 2730 acces·

134 2774 280 2853 serunt,
306 2775 366 2838 aut
388 2790 500 2862 usque
525 2766 570 2838 ad
594 2773 809 2839 senectutem
832 2766 869 2837 in
892 2766 1019 2839 studiis
1043 2767 1258 2854 detinentur,

133 2885 197 2949 aut
226 2883 311 2948 sunt
333 2873 536 2948 tardissimi.
589 2876 660 2948 Res
674 2875 828 2971 quidem
852 2900 889 2948 se
913 2900 991 2948 mea
1014 2877 1188 2948 sententia
1209 2876 1259 2948 sic

133 2985 263 3070 habet,
297 2993 357 3070 ut,
392 2985 461 3057 nisi
487 2987 582 3080 quod
602 2985 753 3082 quisque
774 2984 843 3057 cito
864 2985 1039 3081 potuerit,
1063 3009 1258 3081 numquam

132 3095 280 3169 omnino
307 3094 418 3190 possit
440 3094 647 3190 perdiscere.

182 3204 283 3295 Iam,
319 3203 405 3288 iam,
438 3204 556 3298 inquit
590 3202 759 3290 Catulus,
795 3203 977 3298 intelligo,
1003 3204 1147 3289 Crasse,
1170 3205 1258 3300 quid
1283 3221 1330 3289 24

133 3314 229 3386 dicas
243 3373 260 3411 ,¹
277 3319 312 3384 et
334 3311 475 3386 hercule
498 3313 687 3385 assentior:
715 3313 797 3384 satis
821 3312 922 3384 video
941 3312 1030 3399 tibi,
1054 3313 1189 3385 homini
1213 3313 1258 3386 ad
1281 3349 1312 3395 90
1360 3359 1364 3366 -

133 3421 406 3519 perdiscendum
428 3421 612 3507 acerrimo,
638 3421 683 3492 ad
708 3445 748 3492 ea
768 3421 1028 3516 cognoscenda,
1054 3422 1256 3518 quaedicis,

133 3533 242 3608 fuisse
277 3530 456 3627 temporis.
509 3529 698 3626 Pergisne,
732 3531 850 3626 inquit
874 3530 1042 3616 Crassus,
1068 3555 1144 3617 me,
1168 3557 1258 3626 quae

133 3642 270 3727 dicam,
296 3640 341 3712 de
365 3664 441 3725 me,
467 3664 539 3712 non
563 3641 665 3712 dere
689 3647 814 3737 putare
837 3640 979 3713 dicere?
1030 3642 1099 3713 Sed
1117 3641 1204 3727 iarn,
1228 3642 1258 3713 si

133 3979 295 4045 sequentibus
314 3981 472 4030 cohaereant.
492 3982 541 4030 Sed
555 3995 612 4030 cnm
625 3983 674 4032 illis
723 3983 835 4047 discant)
860 3982 948 4032 referri
971 3997 1044 4045 posse
1064 3984 1096 4032 nd
1115 3987 1258 4050 quicquam.-

134 4060 303 4110 continuanda
317 4065 382 4117 sunt,
398 4065 423 4108 et
436 4060 633 4124 siccorrigenda,
641 4089 674 4098 -
723 4062 767 4110 sed
780 4068 865 4110 tamen
878 4063 958 4124 aptius
972 4063 1047 4110 credo
1058 4063 1130 4112 scribi
1142 4066 1259 4125 potuisse,

133 4141 295 4199 studiumque
308 4139 471 4198 permaneat,
489 4153 534 4188 nec
547 4139 621 4188 libeat
635 4141 673 4187 tc·
723 4153 755 4186 ec
768 4154 808 4198 eo,
824 4155 898 4202 quum
909 4154 985 4186 aenea
996 4143 1071 4188 discit
1080 4169 1122 4188 -.
1135 4169 1170 4179 -
1186 4143 1260 4206 Quod

133 4233 189 4268 mea
198 4217 353 4278 perdiscere.
372 4220 427 4266 Hoc
440 4221 523 4266 autern
531 4217 675 4278 perdiscere
723 4216 863 4276 subiicitur,
885 4233 926 4266 rer
945 4220 1043 4280 quidem
1059 4247 1093 4254 -
1100 4223 1260 4280 perdiscere,

133 4309 323 4355 nonnumquam
344 4295 460 4347 stolidum
478 4310 544 4354 esse,
558 4311 616 4345 mox
629 4311 674 4346 suo
722 4296 788 4343 idem
801 4295 867 4344 infra
880 4297 982 4354 dicitnr,
996 4301 1009 4355 ξ
1026 4298 1083 4346 124.

133 4375 250 4434 exemplo
263 4372 381 4421 ostendit.
758 4375 798 4422 90.
817 4374 876 4423 milri
895 4388 998 4424 vero-
1013 4376 1134 4437 [poreq.
1168 4379 1200 4426 Et
1212 4379 1258 4426 Ca·

168 4454 208 4501 89.
227 4466 260 4498 ea·
273 4466 314 4509 ec,
333 4453 399 4513 quod
409 4467 478 4500 renea
491 4454 601 4512 discant,
611 4467 673 4514 per·
724 4453 806 4511 tulus,
821 4458 847 4502 ct
860 4453 947 4502 inutile
960 4451 1065 4502 verbum
1080 4454 1258 4515 omittendum,

134 4531 255 4578 timescat.
292 4531 348 4585 Non
363 4530 464 4593 ignoro,
479 4532 579 4582 Plurale
593 4533 675 4595 (renes
723 4531 860 4587 secundnm
874 4547 903 4580 ea
916 4531 1069 4592 quacnotavi
1083 4533 1114 4580 nd
1129 4537 1141 4591 §
1157 4536 1197 4584 47.
