3242 5500
398 602 401 609 -
457 578 570 627 uranu
598 579 767 628 ruamus
797 562 815 641 5
842 562 900 630 53.
1175 564 1246 632 293

120 752 274 845 putant?
298 751 371 827 Qui
397 752 582 839 distincte,
609 744 670 849 qui
695 750 889 847 explicate,
916 751 978 848 qui
999 750 1242 840 abundanter,

120 860 177 955 qui
212 861 410 934 illuminate
445 871 480 935 et
514 860 641 948 rebus,
668 870 703 934 et
729 859 843 933 verbis
872 860 1018 947 dicunt,
1045 869 1081 933 et
1105 862 1243 957 inipso

119 969 271 1041 oratione
288 971 389 1066 quasi
407 971 595 1067 quemdam
608 994 795 1043 numerum
808 994 1020 1065 versumque
1032 971 1237 1065 conficiunt3

120 1078 153 1149 id
185 1088 257 1165 est,
297 1081 390 1175 quod
430 1082 507 1153 dico
544 1094 684 1154 ornate:
711 1080 772 1175 qui
796 1079 892 1151 idern
914 1080 965 1151 ita
989 1078 1238 1167 moderantur,

120 1196 317 1276 utrarum,
343 1198 384 1262 ut
408 1214 636 1286 personarum
661 1189 852 1284 dignitates
877 1188 1017 1273 ferunt,
1044 1188 1071 1259 ii
1096 1192 1237 1262 suntin

119 1321 157 1367 eo
172 1324 175 1334 ·
190 1322 318 1393 genere
353 1298 521 1371 laudandi
558 1298 694 1383 laudis,
731 1298 827 1393 quod
858 1321 925 1393 ego
955 1309 1078 1391 aptum
1103 1306 1136 1370 et
1159 1322 1239 1371 con·

19 1392 21 1403 ’
116 1429 237 1500 quens
266 1408 422 1480 nominc.
478 1403 569 1503 [Qui
594 1408 644 1481 ita
669 1408 845 1493 dicerent,
871 1430 930 1477 eos
954 1406 1096 1501 negavit
1121 1407 1237 1480 adhuc
1263 1439 1295 1485 aa

119 1516 304 1588 sevidisse
326 1517 524 1604 Antonius,
552 1515 654 1590 ct'iis
680 1514 745 1588 hoc
769 1539 898 1586 nomen
922 1514 1012 1586 dixit
1028 1515 1238 1610 eloquentiae

119 1625 195 1696 solis
220 1650 297 1697 esse
320 1621 578 1722 tribuendum]
630 1626 711 1701 Qua
735 1648 773 1696 re
796 1648 919 1696 omnes
943 1623 1051 1711 istos,
1076 1649 1134 1697 me
1156 1651 1240 1698 aue·

120 1744 207 1821 tore,
242 1735 401 1807 deridete
435 1742 541 1831 atque
575 1734 808 1829 contemnite,
847 1734 909 1829 qui
942 1734 1149 1822 seherum,
1175 1737 1259 1833 qui,

120 1865 207 1915 nunc
250 1846 302 1917 ita
348 1844 590 1941 appellantur,
640 1842 820 1916 rhetorum
860 1844 1055 1939 praeceptis
1095 1868 1237 1917 omnem

119 2162 172 2210 dicti
184 2162 277 2211 mentio
292 2162 325 2210 ad
339 2176 381 2218 ea,
396 2177 459 2224 quaa
470 2165 544 2213 modo
556 2163 651 2213 dixerat
699 2162 788 2211 dicitur
800 2162 911 2210 tribuere
920 2162 1173 2225 alieateloqueattam,
1188 2164 1235 2213 sic·

119 2240 229 2300 Crassus,
244 2241 290 2289 sed
304 2241 385 2302 potius
398 2242 556 2303 interrumpit
562 2242 650 2291 scriem
699 2245 727 2289 ut
747 2241 857 2288 tribuere
875 2241 1036 2300 sapientiam,
1059 2244 1129 2290 Brut.
1145 2246 1157 2301 5
1172 2244 1234 2291 292:

118 2315 304 2376 sententiarum,
321 2334 395 2379 quam
411 2320 551 2369 huiusmodi
564 2325 649 2382 postu·
699 2318 741 2367 sed
770 2332 857 2367 nomen
883 2318 1035 2381 eloquentiae
1054 2334 1105 2367 nou
1124 2320 1171 2368 nisi
1190 2320 1236 2383 ipsi

119 2396 160 2443 lari
172 2398 228 2446 setis
242 2403 358 2459 apertum
372 2403 416 2455 est,
431 2404 467 2456 ut,
482 2414 558 2460 quum
570 2413 651 2447 exsua
698 2395 762 2445 bene
777 2396 875 2444 dicendi
888 2395 999 2444 facultati
1012 2395 1086 2444 tribui
1093 2401 1183 2459 potest,
1196 2398 1234 2446 in·

117 2476 232 2524 sententia
252 2476 406 2525 definivisset
426 2478 541 2537 Crassus,
562 2475 651 2537 quibus
698 2473 963 2535 dequerectedicitur,
977 2475 1012 2523 ΙΙ.
1025 2478 1071 2533 55,
1084 2477 1237 2538 eloquentiae

118 2550 185 2601 rebus
192 2554 348 2615 potissimum
355 2556 523 2603 contineretur
530 2556 650 2616 eloqueu·
699 2568 784 2601 namn
804 2553 993 2615 relinquendum
1007 2548 1073 2610 esee,
1088 2552 1131 2601 ubi
1142 2554 1235 2617 signifi-

118 2629 161 2677 tiae
180 2632 244 2689 laus,
264 2633 348 2681 statim
364 2632 497 2681 subiiceret
510 2633 649 2696 castigatio·
699 2635 768 2679 catur
775 2632 914 2691 possedeas
920 2631 1235 2694 discredemumeloquen-

119 2723 171 2756 nem
180 2709 321 2760 rhetoricae
333 2710 487 2774 disciplinae,
501 2713 570 2762 cuius
577 2726 648 2775 prae·
698 2709 747 2758 tiae
767 2708 868 2758 nomine
889 2709 1066 2771 appellandum
1087 2723 1152 2769 esse,
1173 2726 1237 2774 quae

118 2788 189 2850 ceptis
200 2789 649 2853 nihiladeamlaudemproficeretur.
699 2788 751 2836 sine
762 2788 805 2836 illa
819 2787 938 2836 facultate
952 2787 1070 2837 uullasit.
1088 2789 1183 2850 Itaque,
1199 2791 1235 2838 ΙΙ.

118 2866 176 2915 Sunt
187 2873 319 2929 praeterea
331 2867 357 2915 in
370 2867 452 2916 verbis
465 2868 523 2930 ipsis
536 2883 599 2930 quae
611 2867 649 2916 of·
699 2870 711 2924 5
728 2868 768 2924 38,
783 2868 869 2915 arator
880 2881 953 2914 cuum
966 2880 1053 2914 musea
1065 2868 1175 2915 obtinere
1188 2881 1237 2916 non

118 2943 224 2994 tendant.
265 2946 421 2994 Pervertitur
446 2951 471 2994 et
498 2947 650 2995 deformatur
694 2946 792 3005 potest,
812 2944 830 2991 i.
845 2959 869 2992 e.
883 2946 1108 3003 nomencratoris,
1122 2960 1174 2994 non
1187 2947 1236 2996 eto-1

117 3022 175 3070 illud
187 3023 284 3085 ipsum,
307 3025 374 3085 quod
387 3025 508 3073 Antonius
522 3025 548 3072 in
561 3025 605 3074 illo
619 3025 649 3072 li·
700 3024 824 3083 quentiae.

117 3099 179 3150 bello
205 3103 318 3160 dixerat,
345 3104 496 3165 elequentem
519 3105 652 3152 sevidisse
732 3102 860 3149 racionem
874 3102 1027 3163 praeceptis.
1060 3103 1099 3150 Ex
1118 3103 1140 3150 1.
1159 3107 1172 3161 5
1191 3105 1237 3161 52,

119 3180 230 3228 neminem
249 3179 334 3244 (conf.
355 3182 376 3228 1.
396 3185 408 3239 5
424 3184 465 3230 94.
480 3181 531 3231 III.
547 3187 559 3241 5
576 3181 651 3245 189),
699 3178 883 3242 corrigendum,
891 3179 1118 3241 raetorteommpr.
1131 3181 1238 3228 Eosdem

118 3273 165 3306 non
177 3273 223 3315 eos,
239 3260 283 3320 qui
298 3259 335 3306 lta
342 3260 461 3318 dicerent,
475 3260 565 3309 vidisse
573 3275 598 3310 se
606 3275 650 3309 ne·
698 3256 1023 3320 111111131101111111111111,
1039 3263 1052 3317 Β
1069 3257 1108 3308 75·
1124 3261 1165 3307 81·
1179 3261 1221 3307 92·

118 3343 228 3398 gaverat,
249 3343 378 3399 tamquam
399 3339 418 3386 si
438 3340 523 3400 plures
540 3341 651 3400 postula·
733 3336 869 3383 oratoriam
885 3337 941 3384 aim.
959 3339 1032 3386 Hauc
1045 3351 1126 3396 meam
1139 3351 1238 3385 corree-

118 3414 200 3464 visset:
221 3429 307 3477 neque
327 3415 384 3463 huic
398 3417 432 3464 sie
445 3418 542 3466 occurri
555 3422 651 3478 potest,
698 3413 807 3470 1111111111,
829 3427 897 3461 nuuc
917 3414 990 3462 11111111
1011 3416 1073 3463 00⁴1·
1093 3415 1239 3465 auctoritate

119 3499 144 3541 ut
162 3494 314 3556 corrigatur,
336 3495 427 3555 quiite
441 3495 551 3549 diceret,·
569 3500 653 3544 manet
701 3493 879 3549 confirmatam,
894 3492 1003 3553 suscepit
1015 3493 1146 3553 Kayserus,
1161 3508 1238 3554 quum

119 3572 178 3618 enim
191 3575 305 3634 plurale,
319 3572 351 3619 tis
363 3573 429 3620 solta.
447 3575 538 3631 Porro,
552 3589 653 3636 prorsus
701 3570 777 3632 vulgo
800 3571 926 3632 legeretur
946 3572 1073 3618 oratorum
1092 3573 1155 3629 um,
1175 3571 1193 3618 i.
1214 3585 1238 3620 e.

118 3650 223 3712 ineptum
239 3656 277 3700 est
293 3650 519 3709 adtueeeaidtese,
533 3652 652 3714 quasiqui
701 3653 827 3696 oratorum
841 3647 1038 3706 multitudinem,
1053 3649 1111 3696 satis
1122 3646 1238 3698 absurde.
1342 3699 1345 3703 ἵ

119 3731 244 3788 voluisset,
259 3729 374 3777 nondum
388 3743 446 3777 sane
458 3729 594 3787 sevidisse,
609 3731 653 3778 sed
702 3726 751 3775 Sed
768 3726 795 3773 in
811 3726 860 3774 alia
873 3727 997 3774 sententia
1009 3727 1058 3774 dici
1071 3732 1169 3788 poterat
1182 3741 1238 3775 ora-

119 3811 208 3868 tameu,
223 3809 243 3857 si
256 3807 439 3869 aliquantulum
452 3812 586 3868 exspectet,
601 3807 654 3856 fieri
702 3805 764 3852 toris
783 3805 832 3862 uie,
846 3805 863 3852 i.
882 3819 904 3852 e.
918 3805 1127 3865 praestantissima
1140 3805 1241 3854 dicendi

119 3901 185 3946 posse
199 3885 376 3946 utaliquando
391 3885 484 3934 videat.
519 3887 569 3944 Ea,
591 3899 654 3947 quae
700 3882 821 3940 facultas,
839 3887 867 3931 ut
881 3883 902 3930 Ι.
918 3887 930 3941 5
945 3884 976 3931 21
992 3889 1017 3932 et
1031 3885 1072 3933 64.
1106 3885 1240 3946 Perpetem

119 3965 237 4013 adduntur
262 3963 309 4028 (ita
328 3963 372 4012 laec
391 3979 477 4012 nomen
496 3991 530 3999 -
544 3965 653 4012 trttuen·
701 3960 833 4009 Pideritius
852 3963 981 4010 aratorum
1000 3955 1182 4025 punt‘opponi
1195 3979 1239 4013 au·

119 4042 196 4106 dum),
211 4041 243 4090 ab
258 4042 369 4091 Antonio
382 4047 434 4091 tum
443 4043 577 4099 dictaesse,
593 4042 655 4090 haec
700 4040 781 4088 teced.
795 4040 932 4088 rhetorum.

119 4136 164 4169 una
176 4122 311 4170 auctoritas
326 4125 378 4178 est,
393 4135 514 4182 nusquam
528 4119 585 4168 alibi
594 4134 652 4169 cou-
735 4131 790 4166 aero
804 4118 868 4165 enim
884 4119 988 4166 oratori.
1016 4119 1183 4168 Mircavcro
1196 4119 1240 4168 ab·

120 4200 222 4249 firmata:
237 4213 287 4248 nec
301 4198 419 4246 credibile
433 4199 468 4248 sic
479 4199 505 4246 in
516 4197 654 4246 illolibello
703 4200 768 4244 errat
788 4195 928 4244 Ellendtius
936 4231 943 4255 ‚
964 4197 1030 4245 istud
1049 4211 1106 4245 aero
1125 4199 1190 4245 enim
1202 4199 1239 4246 in-

120 4279 250 4326 Antonium
265 4277 425 4338 occupavisse
438 4277 465 4324 id
478 4277 572 4339 ipsum,
588 4277 655 4337 quod
701 4279 840 4334 terpretans
868 4271 930 4319 irat-r
955 4289 989 4334 qr.
1030 4277 1106 4324 Nullo
1127 4278 1242 4338 exemplo

120 4369 181 4404 nunc
208 4357 312 4404 Crassus
343 4356 374 4404 de
399 4355 519 4403 industria
539 4355 654 4416 explicet.
702 4351 748 4399 ista
762 4351 970 4400 coniunctionum
979 4353 1106 4414 copulatio
1114 4368 1241 4402 commen·

119 4433 166 4481 Sed
178 4434 231 4496 ipsa
245 4432 324 4483 verba
337 4431 459 4481 laborant.
494 4432 656 4493 Eloquentiae
703 4430 788 4487 datur,
806 4435 832 4478 et
845 4444 901 4479 aero
914 4431 1071 4479 Adiectivum
1083 4437 1129 4490 est,
1144 4437 1191 4490 ut5
1200 4433 1240 4491 8⁰,

120 4525 201 4560 mmen
221 4513 332 4560 tntum
352 4511 440 4568 alicui,
463 4516 505 4559 aut
525 4509 654 4572 pluribus,
704 4509 789 4556 ueru
799 4522 871 4558 uersu
882 4511 1016 4557 -oraton
1031 4535 1064 4543 —
1078 4509 1179 4567 Statim,
1194 4524 1243 4573 ego

121 4589 231 4639 lratiuum
248 4605 300 4638 non
315 4594 359 4638 est.
391 4589 449 4637 Siue
461 4588 655 4650 reprehensione
704 4585 1241 4649 facilecarereminterpositoillodiaputata.
