3242 5500
360 566 432 634 340
693 581 804 631 mone
831 579 1001 628 ruamus.
1031 561 1048 639 §
1079 559 1157 628 153.

360 759 431 842 les,
468 757 614 841 Catule,
645 778 715 828 non
738 754 857 838 rebar,
882 761 943 824 aut
966 751 1154 846 opinabar,
1180 759 1240 824 aut
1262 753 1331 824 alia
1353 754 1497 838 mrdta,

359 865 490 962 quibus
510 867 587 938 loco
610 865 732 962 positis
754 862 921 959 grandior
937 870 1045 957 atque
1062 861 1240 957 antiquior
1256 864 1366 934 oratio
1384 888 1498 958 saepe

288 1003 336 1049 154
360 976 471 1047 videri
495 976 595 1047 solet.
647 976 834 1045 Novantur
857 980 976 1044 autem
999 970 1125 1056 verba,
1152 996 1243 1065 quae
1265 971 1311 1042 ab
1337 997 1398 1058 eo,
1426 974 1497 1067 qui

361 1085 467 1170 dicit,
504 1086 581 1180 ipso
612 1085 812 1179 gignuntur
848 1107 888 1153 ac
913 1082 1024 1165 fiunt;
1052 1081 1107 1151 vel
1130 1081 1388 1177 coniungendis
1414 1109 1495 1154 ver·

360 1194 435 1280 his,
461 1202 502 1265 ut
525 1193 629 1266 haec:

410 1378 484 1436 tum
526 1388 637 1459 pavor
679 1361 888 1454 sapientiam
934 1384 1067 1432 coenem
1110 1359 1160 1430 mi
1198 1360 1399 1434 ereaturam
1434 1387 1499 1434 eea.

457 1485 622 1568 pectorat.

411 1609 459 1657 aa
481 1606 552 1656 riou
574 1579 700 1654 novuti
721 1579 823 1651 huius
844 1578 1092 1672 cerautlloquas
1114 1577 1295 1651 malitias?

364 1741 491 1813 videtis
515 1740 610 1812 enim
630 1747 667 1810 et
688 1737 953 1831 versutiloquas,
976 1745 1011 1808 et
1034 1749 1230 1830 eupeetorat
1254 1761 1297 1808 ex
1322 1739 1495 1810 coniunc-

364 1851 460 1923 tione
504 1850 595 1921 facta
636 1871 712 1918 esse
744 1845 849 1917 verba
888 1841 975 1940 [non
1009 1841 1121 1940 nata]
1175 1843 1241 1916 Vel
1275 1871 1380 1943 saepe
1415 1849 1496 1921 sine

363 1958 611 2032 coniunctione
631 1955 735 2027 verba
753 1963 941 2040 novantur3
963 1963 1015 2040 ut,
1041 1954 1100 2028 ille
1115 1953 1230 2027 senius
1247 1955 1418 2040 desertus;
1436 1969 1494 2044 ut,

295 2098 339 2144 ru
363 2067 418 2141 Di
434 2066 621 2165 penitales;
641 2073 700 2150 ut,
722 2064 905 2136 baceaurm
926 2063 1080 2136 ubertate
1088 2063 1326 2137 incurvescere.
1351 2066 1496 2140 Tertius

364 2179 423 2251 ille
445 2178 591 2262 modus,
617 2175 851 2248 transferendi
875 2172 989 2259 verbi,
1016 2174 1084 2245 late
1105 2182 1219 2268 patet,
1246 2199 1352 2269 quern
1370 2200 1494 2249 neces-

365 2290 448 2361 sitas
465 2321 469 2325 ·
482 2287 607 2382 genuit
643 2283 763 2380 inopia
795 2291 913 2355 coacta
950 2292 999 2355 et,
1018 2283 1210 2379 angustiis
1255 2294 1336 2378 post
1370 2295 1494 2359 autem

365 2397 549 2469 delectatio
574 2394 846 2488 iucunditasque
870 2392 1067 2464 celebravit.
1108 2392 1221 2476 Nam,
1247 2402 1288 2464 nt
1305 2396 1413 2466 vestis
1432 2397 1494 2468 iri·

365 2507 460 2603 goris
507 2502 705 2600 depellendi
740 2527 845 2574 causa
876 2511 1013 2596 reperta
1050 2502 1182 2597 primo,
1219 2512 1299 2597 post
1331 2503 1495 2577 adhiberi

365 2624 488 2710 coepta
525 2623 578 2686 est
614 2613 659 2684 ad
692 2621 856 2683 ornatum
892 2612 997 2682 etiam
1020 2612 1172 2705 corporis
1198 2619 1233 2682 et
1258 2612 1493 2707 dignitatem,

367 2725 417 2797 sic
438 2723 534 2796 verbi
558 2721 740 2796 translatio
765 2721 930 2793 instituta
953 2728 1005 2793 est
1022 2721 1160 2817 inopiae
1178 2745 1300 2809 cansa,
1327 2723 1493 2819 frequen-

368 3057 442 3105 qnam
468 3045 608 3097 oratorum,
636 3042 706 3102 sequi
726 3056 786 3090 sane
806 3048 904 3104 poterat
954 3042 984 3090 sit
998 3041 1152 3103 metaphora.
1184 3040 1318 3090 subiicitur
1329 3047 1415 3091 tamen
1428 3058 1494 3093 nova

367 3138 392 3170 v.
414 3136 437 3168 e.
458 3133 502 3165 nee
521 3120 569 3166 uiri
589 3132 699 3167 raro-
712 3121 783 3167 hahet
795 3120 903 3182 dipnila·
954 3121 1075 3181 quaedam
1096 3120 1228 3182 descriptio
1242 3124 1285 3167 aut
1298 3121 1444 3182 explicatio,
1458 3124 1493 3169 ai-

368 3200 426 3247 iem.
445 3200 518 3244 Nunc
530 3196 601 3245 Coni.
615 3198 697 3246 tamen
708 3198 904 3246 malehaeccum
954 3200 1104 3247 militudiuie
1117 3199 1154 3245 ert
1166 3226 1200 3233 -
1214 3199 1333 3255 breuiter,
1349 3204 1362 3257 §
1379 3200 1435 3259 157,
1449 3202 1494 3249 sed

367 3274 535 3337 superioribus
561 3276 653 3334 nectit,
679 3282 707 3324 ut
731 3277 905 3339 corrigendum
955 3291 1029 3339 quam
1042 3276 1133 3325 frustra
1147 3277 1274 3338 hucusque
1286 3292 1390 3339 operam
1402 3279 1457 3327 dedi
1466 3284 1495 3327 ut

367 3355 493 3412 rideatur,
514 3355 569 3412 aed,
588 3370 734 3417 quamquam
748 3370 819 3413 raro,
835 3357 907 3403 habet
955 3355 981 3401 in
995 3353 1433 3416 sanamsententiaminterpretarer;
1446 3370 1494 3403 nec

368 3436 451 3481 tamen
463 3433 538 3479 eliam
551 3433 702 3481 irroratione
709 3435 836 3494 poeticum
846 3462 888 3483 —.
956 3433 1031 3479 miror
1050 3430 1140 3488 fuisse,
1158 3436 1186 3479 ut
1200 3431 1351 3479 Lambinum
1366 3437 1391 3481 et
1404 3432 1494 3481 Schut·

402 3526 450 3574 qua
465 3512 618 3573 tempestate.
653 3514 777 3573 Expecta
790 3512 850 3561 citat
864 3512 905 3561 Gi·
956 3512 1029 3567 zium,
1044 3508 1268 3571 quIbuscerteista,
1281 3512 1496 3559 similitudinis-

368 3605 426 3641 cero
439 3589 516 3647 infra,
532 3593 544 3647 ξ
561 3591 618 3645 219,
633 3593 658 3637 et
671 3590 697 3637 in
708 3591 798 3648 Orat.§
809 3592 906 3638 loa-
956 3590 1069 3645 brevitas,
1080 3590 1175 3635 nullam
1182 3588 1340 3650 perspicuam
1347 3590 1494 3639 sententiam

369 3669 451 3717 Rebar
464 3669 553 3716 Catulo
566 3666 681 3716 tribuitur
694 3683 783 3729 supra,
799 3674 812 3727 ς
827 3670 867 3716 82.
956 3666 1083 3715 continere
1093 3668 1246 3715 viderentur.
1266 3668 1346 3715 Tanto
1357 3670 1435 3731 magis
1444 3669 1492 3716 mi·

404 3748 461 3795 154.
480 3746 557 3805 faeta
577 3761 629 3794 eree
648 3746 719 3795 cerba
742 3748 803 3808 [nou
822 3747 906 3809 nata].
955 3760 997 3793 ror
1014 3745 1165 3792 Ellendtium
1183 3744 1218 3793 sic
1231 3744 1403 3807 interpretari:
1418 3746 1494 3807 aquid

370 3827 450 3886 Supra
469 3838 543 3881 sane,
567 3829 579 3882 §
602 3826 663 3883 149,
680 3830 748 3873 recte
762 3826 824 3873 dixit
837 3838 905 3872 uoca-
957 3822 1042 3871 nvoba
1056 3822 1163 3885 (voluit,
1183 3822 1242 3886 vos)
1256 3824 1359 3872 doceam
1372 3826 1493 3873 rationem

369 3903 426 3949 bula
435 3915 516 3961 paene
529 3915 579 3948 una
593 3903 653 3949 nata
665 3902 813 3949 cumrebue:
826 3902 852 3949 in
859 3902 907 3951 hac
958 3901 1147 3962 umeiaphorae?
1163 3906 1200 3949 est
1213 3901 1293 3949 simile
1307 3902 1333 3949 in
1343 3901 1494 3951 uniusverbi

370 3978 906 4045 distributioneilludinculcarimerbayquae
959 3978 1119 4027 ubrevitatem
1132 3980 1315 4028 contractunr.''
1339 3981 1405 4038 Quid
1418 3980 1491 4029 Pide·

368 4058 436 4105 facta
456 4060 551 4114 essent,
574 4072 625 4104 non
638 4072 691 4107 esse
706 4064 777 4117 nata,
792 4059 906 4120 putidum
955 4058 1042 4107 ritius?
1077 4059 1102 4106 Is
1122 4057 1246 4119 praemitti
1259 4058 1295 4106 sic
1308 4058 1433 4107 contendit
1445 4059 1493 4108 de-

370 4141 416 4185 est.
449 4135 537 4184 Ortum
557 4135 633 4183 credo
653 4150 684 4184 ex
699 4138 850 4198 interpolato
863 4152 906 4185 oo-
956 4136 1092 4184 finitionem
1119 4136 1279 4197 metaphorae
1306 4135 1382 4201 (quae
1407 4142 1493 4185 tamen

370 4217 438 4271 vala,
453 4218 479 4262 et
490 4214 624 4261 delendum
636 4220 681 4262 est.
698 4216 905 4277 MoxrecteKay·
957 4214 1031 4263 modo
1051 4214 1100 4261 iam
1120 4212 1307 4275 definiebatur),
1333 4220 1386 4263 tum
1402 4216 1495 4263 excitat

370 4307 438 4341 serus
452 4292 515 4340 vidit
527 4292 600 4341 verba
611 4294 906 4343 norauturinsititiaesse.
957 4292 1150 4351 anctilianum
1164 4294 1236 4341 VIII.
1253 4295 1276 4341 fi.
1291 4296 1317 4352 8,
1333 4292 1494 4354 quieamdem

406 4372 462 4419 156.
481 4383 537 4431 erpo
558 4370 603 4418 iae
624 4372 800 4419 tremulum
817 4376 907 4421 -aut
957 4371 1125 4419 definitionem
1155 4371 1291 4432 susceperit
1321 4370 1398 4435 (apud
1416 4385 1493 4432 quem

368 4462 459 4509 ponera
468 4448 579 4509 ponam?
610 4450 658 4496 vix
672 4462 819 4511 quemquam
834 4450 906 4498 dubi-
956 4449 1005 4497 hoc
1025 4449 1127 4506 dicitur,
1155 4450 1343 4497 similitudinem
1362 4449 1495 4497 breviorem

368 4532 476 4574 tatarum
490 4530 564 4588 puio,
582 4528 642 4588 quin
655 4527 721 4576 hanc
734 4534 907 4590 oporteatesse
957 4542 1007 4575 erae
1023 4527 1181 4589 metaphora,
1203 4541 1278 4590 eoque
1291 4529 1384 4575 dictare
1396 4524 1422 4590 (a
1436 4542 1493 4575 me-

369 4606 553 4652 conclusmnem
567 4605 832 4668 totiusexplicationIs,
848 4606 906 4668 quid
956 4605 1085 4670 taphum),
1108 4607 1173 4669 quod
1191 4607 1235 4654 illa
1255 4602 1411 4669 (similitudo)
1425 4620 1492 4652 com-
