3242 5500
444 492 555 541 uranu
582 491 772 541 snounnus
800 474 817 553 §
843 474 876 541 3.
1154 476 1219 545 121

117 665 176 734 iem
206 669 280 733 tum
301 687 344 733 ex
371 686 425 734 me
447 663 633 749 audiebas,
660 662 746 735 mihi
767 663 869 735 illum
891 689 934 736 ex
958 665 1080 738 multis
1104 666 1222 738 variis·

117 797 176 868 que
208 770 425 881 sermqnibus
458 773 591 846 nullius
621 772 690 858 rei,
725 797 815 868 quae
840 774 983 868 quidem
1008 782 1100 847 essct
1118 776 1155 846 in
1180 775 1222 846 iis

117 880 256 967 artibus,
290 880 333 953 de
366 880 495 976 quibus
527 882 663 977 aliquid
692 882 891 953 existimare
915 908 1073 979 possem,
1098 883 1223 956 rudem

116 999 170 1062 aut
196 990 356 1085 ignarum
381 1014 456 1062 esse
479 992 604 1064 visum.
659 990 728 1062 Sed
749 991 818 1063 fuit
842 990 908 1064 hoo
931 993 968 1064 in
991 1001 1142 1089 utroque
1166 1016 1222 1064 eo·
1250 1006 1266 1051 4

116 1125 203 1185 rum,
239 1108 278 1171 ut
316 1099 463 1172 Crassus
499 1124 570 1173 non
600 1108 673 1172 iem
697 1100 888 1173 existimari
911 1102 1014 1173 vellet
1038 1126 1109 1174 non
1131 1102 1222 1174 didi·

115 1210 211 1293 cisse,
241 1232 347 1304 quam
381 1208 441 1280 illa
472 1208 669 1306 despicere,
700 1217 734 1281 et
755 1218 954 1282 nostrorum
979 1210 1163 1283 hominum
1187 1212 1223 1282 in

116 1319 202 1389 omni
231 1342 359 1414 genere
391 1318 616 1414 prudentiam
644 1319 785 1391 Graecis
820 1320 1012 1406 anteferre;
1045 1306 1225 1393 Antonius

116 1435 222 1499 cutem
249 1425 519 1523 probabiliorem
544 1428 626 1500 huic
648 1429 780 1524 populo
803 1430 996 1501 orationem
1020 1430 1224 1501 forecense-
1287 1469 1289 1471 v

116 1535 169 1607 bat
191 1560 310 1622 suem,
337 1536 366 1607 si
390 1537 534 1608 omnino
556 1536 719 1610 didicisse
741 1562 937 1633 numquam
949 1546 1149 1634 putaretur3
1174 1547 1227 1611 at·

116 1669 176 1738 que
196 1646 244 1717 ita
269 1670 306 1717 se
331 1653 477 1741 uterque
500 1646 692 1740 graviorem
716 1647 809 1732 fore,
832 1648 861 1719 si
885 1648 974 1719 alter
985 1656 1225 1734 contemnere,

115 1755 259 1827 alterne
282 1779 385 1827 nosse
409 1755 553 1851 quidem
578 1757 728 1829 Graecos
751 1756 940 1828 videretur.
968 1758 1130 1833 Quorum
1143 1783 1225 1829 con·
1253 1796 1267 1842 5

116 1863 223 1935 silium
257 1865 362 1960 quale
396 1864 519 1950 fuerit,
556 1864 646 1937 nihil
681 1889 763 1937 sane
797 1866 843 1937 ad
867 1865 932 1938 hoc
955 1875 1113 1962 tempus:
1137 1867 1227 1940 illud

115 2171 348 2230 ael-poteramus.
686 2174 778 2233 populo
791 2173 859 2220 certe
872 2183 1042 2219 monerer:
1056 2170 1172 2231 idemque
1182 2184 1226 2219 ve-

145 2248 167 2294 3.
183 2248 208 2294 in
221 2247 372 2296 lleartibae.
397 2248 472 2312 vulg.
487 2248 533 2297 lie.
548 2250 643 2311 Sequor
691 2251 743 2297 lere
763 2254 823 2311 puto
843 2249 869 2296 in
889 2246 1003 2298 omnibus
1024 2248 1142 2309 exemplis
1157 2249 1228 2297 istius

117 2325 330 2383 ilenrlohsenium,
352 2330 377 2374 et
389 2341 520 2388 perperam
537 2329 642 2376 alterum
692 2327 801 2376 Ablativi
814 2325 935 2385 absoluti,
949 2341 1012 2387 quae
1025 2327 1229 2390 magnadiligen-

115 2402 281 2465 interpretetur
303 2405 454 2463 Ellendtius,
473 2420 546 2467 quem
560 2407 644 2454 mirari
690 2406 725 2453 tia
741 2406 780 2453 vir
797 2406 951 2453 doctissimus
963 2405 1074 2469 collegit.
1108 2406 1157 2454 Sed
1171 2420 1228 2453 enm

116 2481 179 2539 licet,
196 2497 271 2543 quum
286 2483 378 2543 udqbl
387 2486 499 2541 affirmat,
513 2484 576 2531 nihil
583 2485 644 2532 certi
691 2486 766 2545 plane
787 2484 862 2532 miror
883 2484 987 2532 eandem
1001 2483 1228 2545 interpretationem

116 2560 143 2607 de
154 2559 200 2609 illis
214 2563 333 2610 Pronour.
344 2561 522 2625 distinguendis
529 2563 643 2611 constitui
692 2561 810 2610 adhibere
830 2562 869 2610 his
885 2560 982 2619 verbis,
998 2564 1068 2610 Brut.
1083 2566 1096 2621 ς
1110 2564 1172 2620 311,
1188 2566 1229 2611 tu-

115 2651 188 2697 posse.
309 2654 313 2663 ·
692 2641 786 2689 multuo
804 2642 906 2688 iuterim
924 2641 1093 2700 recuperanda
1105 2642 1230 2701 republica

145 2720 166 2764 4.
188 2714 313 2767 Antonius
331 2744 364 2754 -
378 2720 568 2780 probabiliorem
589 2720 646 2767 baie
693 2717 748 2784 (ubi
778 2719 858 2780 aptius
884 2718 1021 2782 corrigatur
1047 2721 1231 2780 recuperandae

112 2801 195 2856 populo
214 2799 352 2846 orationem
366 2799 428 2858 sore
446 2825 488 2846 -.
503 2801 559 2847 Non
573 2797 644 2846 dubi·
694 2798 731 2846 rei
740 2796 837 2861 publ),
852 2801 905 2845 tum
919 2797 969 2855 his,
984 2797 1054 2846 Orat.
1068 2801 1081 2855 ξ
1097 2798 1141 2855 74,
1157 2814 1230 2861 quum

115 2873 161 2922 tavi
177 2875 330 2924 verissimam
350 2876 445 2924 Pearcii
467 2877 645 2926 correctionem
694 2876 842 2924 immolanda
855 2874 985 2938 Ipbipeuia
995 2876 1077 2923 tristis
1085 2875 1230 2924 Calabasee-

115 2954 218 3022 recipere
231 2955 257 3002 in
270 2959 383 3013 textum,
402 2970 477 3016 quum
491 2970 576 3004 omnes
589 2955 647 3004 libri
694 2957 732 3002 set
745 2952 824 3018 (quod
839 2954 969 3002 commode
979 2954 1014 3002 sic
1024 2953 1170 3017 corrigetur,
1184 2955 1229 3002 im·

115 3032 242 3090 proderent
255 3034 302 3082 boc
310 3037 410 3094 popula,
424 3049 645 3095 quamquamsum-
695 3035 787 3080 melota
800 3029 870 3096 Ipb.)

116 3125 151 3158 ma
168 3108 227 3160 fecit
247 3112 389 3160 Ellendtius
409 3113 480 3163 adh.
495 3115 527 3170 1.,
541 3117 570 3161 ut
582 3111 646 3161 obti-
729 3111 850 3159 censebat.
884 3113 940 3158 Non
955 3109 1093 3158 necessario
1106 3110 1231 3159 Coniunc-

115 3193 191 3245 neret,
205 3188 274 3238 hunc
288 3188 431 3239 Ablativum
445 3190 599 3250 absolutum,
618 3193 648 3240 'ut
695 3189 760 3237 tivus
773 3190 925 3254 postuletur,
940 3192 1041 3251 propter
1054 3189 1169 3250 praeced.
1183 3191 1231 3237 uel-

116 3268 232 3328 appellat,
253 3269 405 3316 servandum
425 3283 486 3318 esse.
521 3271 577 3318 Non
591 3271 649 3318 satis
698 3269 746 3316 ur:
763 3267 961 3325 redamabat.
981 3268 1109 3314 versemus
1116 3282 1157 3325 ea,
1170 3282 1233 3329 quac

116 3351 149 3392 est
161 3347 191 3393 ad
204 3347 392 3395 defendendam
405 3349 583 3397 correctionem
599 3349 648 3396 duo
697 3345 751 3394 fieri
770 3351 892 3407 oporteat.
926 3346 1006 3406 Supra
1024 3343 1124 3393 iambis
1138 3359 1151 3392 e
1164 3344 1233 3394 libris

116 3425 223 3486 exempla
243 3425 368 3480 excitare,
389 3425 496 3486 primum
516 3426 541 3474 in
562 3427 649 3476 eadem
698 3429 825 3473 enotatum
844 3428 882 3472 est
900 3421 977 3472 verba
996 3423 1040 3470 illa
1058 3423 1162 3471 interae
1176 3439 1232 3485 per-

116 3502 246 3560 sententia,
267 3503 349 3560 infra,
365 3509 377 3563 b
394 3506 456 3561 153,
470 3519 547 3565 quum
561 3506 650 3554 dicitur
698 3503 800 3560 mutari,
815 3503 883 3550 adl.
898 3507 911 3561 ς
927 3503 974 3549 113
987 3506 1013 3548 et
1026 3502 1083 3548 209.

117 3581 250 3630 existimavi
271 3583 464 3642 probabiliorem
487 3585 544 3632 bule
559 3585 651 3645 populo
734 3587 756 3630 5.
775 3596 805 3628 ue
830 3582 883 3628 elue
903 3581 968 3627 amai
987 3580 1084 3640 quidem
1102 3579 1234 3639 rapientia.

117 3661 322 3722 eratorernfare:
337 3661 442 3709 alterum
455 3662 503 3709 111.
516 3664 581 3720 592,
596 3677 650 3711 ocr-
700 3659 784 3708 Videri
807 3664 889 3720 potest
912 3659 961 3706 hoc
985 3657 1111 3718 aliquanto
1130 3657 1234 3704 nimium

117 3739 295 3788 munerebus
309 3739 467 3800 satisfacere
477 3742 652 3802 mepoeselulc
700 3753 764 3788 esse:
786 3742 810 3786 et
828 3737 944 3798 quoniam
962 3736 1037 3784 modo
1050 3735 1183 3797 praecessit
1195 3734 1234 3783 di-

114 3817 199 3875 pcpulo
211 3817 405 3876 computabam:
420 3831 568 3880 quemquam
580 3833 651 3880 aper·
701 3817 772 3865 ceredi
791 3817 917 3874 doctrina,
932 3815 1051 3877 postulari
1064 3814 1125 3862 mihi
1136 3813 1236 3862 videtur

116 3899 164 3941 tum
177 3901 214 3943 eet
227 3911 274 3957 per
288 3895 402 3955 syntaxin
416 3895 569 3960 (probabilia,
581 3903 651 3946 etaa-
700 3897 726 3943 in
740 3895 777 3942 his
791 3908 889 3956 quoque
903 3893 1043 3950 Genitivus,
1058 3908 1089 3940 ue
1100 3894 1237 3941 simomaie

117 3972 244 4036 liesacere)
257 3974 352 4034 requiri
363 3974 391 4022 in
405 3975 441 4022 his
454 3975 583 4023 Dativum:
609 3976 653 4024 sed
701 3975 799 4037 quidem
812 3973 962 4033 sapientiae,
977 3986 1011 4020 sc.
1025 3971 1146 4019 doctrina.

117 4051 296 4100 attendendum
311 4057 348 4100 est
361 4053 406 4102 boc
413 4057 519 4114 popolo,
535 4054 601 4115 quod
614 4055 651 4101 in·
735 4052 887 4114 eloquentiae
899 4066 985 4098 nomeu
997 4051 1237 4112 relinquendumeet.

116 4132 243 4190 terpretari
257 4144 360 4180 necesse
374 4136 423 4189 est,
439 4133 507 4193 quasi
520 4133 652 4190 diceretur,
702 4131 751 4179 Sed
765 4130 800 4187 ei,
816 4130 858 4190 qui
871 4129 919 4178 hoc
930 4129 1238 4190 sepossenonprotitetur,

117 4221 187 4265 quum
200 4209 265 4257 banc
273 4211 365 4270 populi
377 4212 526 4258 voluntatem
539 4226 651 4260 ereccon·
702 4209 875 4270 reliquendum
883 4212 1017 4256 estnomen
1025 4207 1175 4267 eloquentia,
1191 4205 1206 4251 i.
1215 4219 1237 4252 e.

116 4288 162 4333 rtet
175 4288 206 4334 de
219 4288 374 4348 republica,
389 4304 439 4337 non
453 4289 499 4337 nisi
506 4304 563 4337 cum
571 4289 653 4337 Verbo
703 4303 754 4336 non
771 4286 862 4348 poterit
874 4286 994 4348 appellari
1007 4287 1135 4345 eloquens.
1152 4285 1240 4343 ltaque

116 4361 226 4413 absoluto
247 4365 314 4421 diei,
335 4365 404 4414 sicuti
425 4369 504 4430 Legg.
526 4369 565 4416 111
581 4373 593 4426 ξ
608 4369 652 4424 37,
703 4368 737 4415 sic
745 4365 929 4428 corrigendum.
944 4366 982 4412 lta
993 4363 1139 4420 infra,§38,
1155 4361 1241 4408 orator

116 4443 175 4502 quid
185 4443 231 4492 bac
236 4447 334 4505 populo
344 4446 449 4493 obtineri
452 4448 544 4506 possit,
560 4449 653 4509 etlreg.
703 4445 755 4493 siue
769 4459 796 4490 ea
810 4459 895 4493 nomeu
906 4444 1016 4490 oblinere
1026 4453 1097 4487 suum
1108 4438 1241 4503 (oratorie)

116 4522 201 4582 Agrar.
224 4523 261 4570 ll.
285 4527 298 4580 ξ
323 4524 381 4582 101,
403 4525 447 4572 bac
467 4527 589 4582 contione,
612 4526 654 4573 boc
705 4525 854 4584 neapotest.
869 4521 1040 4578 Contlbllb.
