3242 5500
329 602 332 608 ·
412 573 526 622 uranu
554 574 756 624 66666666.
785 557 803 637 §
829 555 911 625 262.
1158 554 1228 624 229

102 739 317 830 Audiamus,
348 745 485 840 inquit,
516 744 706 817 disertum:
732 745 846 818 multo
871 745 976 818 etiam
999 747 1146 818 arrisum
1175 753 1228 818 est

103 852 354 926 vehementius.
408 843 499 926 Sunt
521 853 628 926 etiam
653 854 714 926 illa
736 861 903 940 venusta,
936 855 1037 927 utin
1063 854 1228 950 gravibus

103 961 306 1048 sententiis,
333 962 444 1034 sicin
467 963 621 1035 facetiis:
649 963 723 1035 dixi
744 964 839 1036 enim
867 964 1021 1050 dudum,
1055 964 1227 1036 rationem

104 1071 204 1142 aliam
240 1096 315 1143 esse
346 1071 434 1158 ioci,
470 1063 578 1144 aliam
607 1074 819 1159 severitatis3
856 1073 1016 1168 gravium
1051 1082 1167 1146 autem
1193 1081 1227 1145 et

104 1179 258 1250 iocorum
281 1203 389 1252 unam
412 1205 487 1253 esse
504 1181 698 1253 materiam.
751 1183 890 1254 Ornant
914 1183 1026 1278 igitur
1048 1183 1084 1255 16
1103 1183 1226 1278 primis
1252 1195 1300 1242 2⁶3

105 1288 295 1361 orationem
319 1289 424 1361 verba
447 1290 556 1362 relata
580 1291 770 1365 contrarie:
796 1291 893 1386 quod
917 1291 1011 1364 idem
1036 1316 1148 1388 genus
1173 1299 1226 1364 est
1273 1331 1277 1338 ·

106 1421 205 1494 saepe
231 1397 338 1470 etiam
362 1398 532 1484 facetum3
555 1407 596 1472 ut
614 1399 755 1472 Servius
772 1401 832 1472 ille
850 1400 979 1485 Galba,
1007 1425 1117 1496 quum
1134 1400 1228 1472 iudi·

106 1532 161 1579 ces
190 1506 232 1580 L.
270 1506 451 1580 Scribonio
474 1507 618 1581 tribuno
643 1509 756 1605 plebis
781 1510 885 1582 ferret
909 1510 1096 1583 familiares
1127 1534 1229 1595 suae,

107 1625 140 1688 et
175 1617 323 1690 dixisset
353 1617 465 1704 Libo,
502 1615 648 1701 Quaado
670 1619 823 1702 taudem,
860 1617 988 1705 Galba,
1015 1617 1231 1722 (1661661616

109 1741 163 1801 tuo
186 1726 320 1800 exibis?
349 1724 536 1811 (laurata,
560 1727 697 1823 inquit,
723 1727 764 1800 de
783 1728 936 1801 66616666
952 1727 1074 1802 alicua.
1110 1728 1143 1800 A
1162 1751 1232 1825 quo

109 1861 233 1933 genere
258 1861 303 1909 ne
327 1836 417 1908 illud
441 1835 585 1931 quidem
606 1836 800 1932 plurimum
821 1837 943 1924 distat,
970 1837 1066 1934 quod
1088 1837 1234 1910 Glaucia

109 1948 273 2033 Metell0,
307 1943 437 2022 Vallum
458 1946 498 2019 ia
520 1945 660 2039 1166666
678 1945 793 2030 tubes,
818 1960 945 2020 cortem
963 1946 1003 2020 iu
1021 1945 1178 2020 Palatia.

153 2056 206 2130 Ac
242 2055 432 2128 verborum
469 2055 613 2150 quidem
645 2080 776 2150 genera
799 2045 889 2152 quae
913 2065 996 2130 sunt
1025 2057 1154 2142 faceta,
1181 2053 1233 2126 di·
1260 2057 1306 2126 66

112 2166 197 2238 risse
219 2189 280 2237 me
303 2172 400 2261 puto.
436 2165 568 2236 Rerum
586 2165 688 2261 plura
704 2172 804 2251 sunt,
831 2190 941 2262 eaque
957 2166 1070 2260 magis
1091 2169 1144 2251 (ut
1161 2164 1234 2236 dixi
1260 2182 1308 2228 aaa

111 2280 201 2363 ante)
226 2274 407 2347 ridentur:
434 2273 471 2344 in
495 2273 626 2368 quibus
650 2282 704 2347 est
730 2275 894 2359 narratio;
923 2299 977 2347 res
1002 2299 1085 2346 sane
1110 2274 1232 2346 diffici-

112 2386 169 2458 lis:
196 2383 427 2481 exprimenda
449 2383 544 2454 eninr
568 2391 649 2455 suut
674 2391 708 2455 et
731 2384 894 2478 ponenda
920 2392 1001 2456 ante
1021 2383 1148 2472 ,oculos
1173 2407 1233 2468 ea,

113 2519 197 2591 quae
238 2492 427 2565 videantur
467 2515 543 2564 esse
577 2492 797 2578 verisimilia,
837 2492 932 2587 quod
967 2501 1019 2565 est
1053 2493 1234 2588 proprium

114 2602 342 2687 narrationis,
374 2608 409 2672 et
439 2625 530 2696 quae
564 2601 654 2686 siut,
685 2600 781 2695 quod
800 2600 940 2673 ridiculi
961 2602 1142 2697 proprium
1163 2608 1234 2686 est,

115 2711 308 2809 subturpia.
351 2709 461 2784 Cuius
482 2710 702 2808 exemplum,
728 2718 769 2783 ut
793 2709 1058 2797 brevissimum,
1088 2712 1132 2784 sit
1155 2733 1238 2783 sane
1329 2719 1340 2738 '

116 2824 220 2910 illud,
257 2821 355 2919 quod
387 2828 470 2902 ante
502 2820 625 2915 posui,
663 2820 781 2892 Crassi
811 2819 855 2893 de
887 2819 1068 2893 Memmia.
1119 2822 1166 2892 Et
1194 2819 1239 2892 ad

117 2934 176 3006 hoc
209 2956 326 3027 genus
360 2929 600 3002 adscribamus
628 2930 734 3002 etiam
758 2928 975 3001 narrationes
998 2932 1237 3026 apologorum.

117 3042 279 3114 Trahitur
301 3040 407 3112 etiam
427 3038 562 3135 aliquid
583 3063 625 3111 ex
647 3037 811 3111 historia:
840 3047 893 3124 66,
918 3064 1028 3133 quum
1055 3040 1149 3112 Sext.
1181 3038 1239 3110 ui·
1267 3029 1313 3110 aaa

118 3153 184 3223 tius
209 3176 246 3223 se
274 3148 508 3221 Cassandram
532 3172 615 3221 esse
632 3148 781 3233 diceret,
807 3146 961 3235 Multae,
988 3149 1106 3245 inquit
1128 3148 1241 3219 Anto-

120 3261 214 3348 nius,
247 3283 393 3357 possum
423 3271 499 3331 tuos
520 3256 645 3331 Aiaces
672 3253 996 3331 0166666616666.
1048 3259 1113 3331 use
1137 3258 1244 3330 etiam

121 3394 160 3441 ex
181 3368 436 3454 similitudine,
463 3375 637 3463 quaeant
667 3366 890 3440 collationem
915 3367 1040 3453 habet,
1067 3376 1128 3440 aut
1152 3374 1243 3439 tam·

122 3506 223 3576 quam
257 3478 471 3573 imaginem:
507 3476 750 3561 collationem,
785 3484 826 3547 ut
850 3476 909 3547 ille
936 3478 1060 3549 Gallus
1082 3478 1167 3548 olim
1192 3485 1243 3548 te·

124 3590 182 3661 stis
204 3590 241 3661 in
265 3588 449 3672 Pisonem,
476 3610 586 3681 quum
612 3584 906 3657 innumerabilem
930 3586 1054 3680 Magio
1070 3585 1246 3682 praefecto

125 3699 307 3793 pecuniam
325 3696 470 3768 dixisset
487 3695 621 3781 datam,
646 3693 753 3790 idque
772 3695 922 3767 Scaurus
939 3696 1112 3775 tenuitate
1130 3694 1245 3791 Magii

125 3809 366 3904 redargueret,
392 3803 527 3890 Erras,
552 3804 689 3900 inquit,
715 3799 866 3877 &aures
893 3829 951 3901 ayo
972 3805 1064 3877 euim
1084 3804 1249 3902 Magium

126 3942 190 3991 666
208 3939 424 3991 consauciare
445 3913 541 4001 dice,
568 3914 640 3996 scd,
667 3925 847 4009 tamquam
865 3912 978 3987 66666
995 3940 1096 3988 raaces
1114 3914 1249 4011 leuaret,

35 4046 37 4114 5
127 4025 163 4101 ia
188 4040 306 4102 vautra
337 4024 535 4099 abstulisse:
574 4030 613 4095 ut
646 4022 736 4096 illud
770 4022 823 4095 M.
862 4023 986 4097 Cicero
1024 4049 1151 4111 saner,
1183 4023 1250 4096 hu·

160 4359 215 4406 262.
231 4361 294 4406 aaut
314 4358 391 4405 ettam
411 4358 455 4404 illa
475 4358 584 4406 macta.
618 4354 663 4403 Di·
716 4355 841 4414 tamquam
854 4353 991 4413 lmayiuem.
1024 4350 1130 4400 Difficile
1144 4353 1181 4397 est
1193 4363 1251 4411 pro·

131 4433 283 4486 stinctidnem
305 4436 379 4483 huius
392 4435 441 4483 loci
454 4435 546 4497 optime
559 4432 666 4483 correxit
715 4431 776 4480 bare
795 4431 859 4489 hoc,
881 4436 909 4479 66
927 4430 1063 4478 similitudo
1082 4433 1207 4489 tamquam
1227 4426 1254 4475 in

133 4516 237 4578 Madvig.
251 4514 387 4563 Emendat.
401 4529 427 4576 p.
444 4515 498 4562 194.
717 4510 767 4557 duo
787 4510 885 4559 diversa
898 4522 989 4572 genera
1003 4506 1164 4563 distrahatur,
1179 4506 1254 4553 cotta-

64 4650 68 4657 ,
163 4596 219 4642 265.
237 4590 667 4655 666666666116666666166666666
718 4589 794 4637 tionis
814 4592 839 4635 et
857 4588 977 4649 imaginis.
1011 4588 1104 4634 Verum
1119 4598 1171 4633 esse
1185 4589 1255 4647 puto,
