3242 5500
392 524 460 593 148
719 548 832 599 arnan
859 547 1062 597 sucunnos.
1090 529 1108 609 ἓ
1136 528 1194 598 71.

336 734 365 786 ‘11
393 715 503 788 suisse
530 725 621 789 ante
656 720 795 806 oculos,
833 720 921 815 quid
952 718 1086 790 discere
1118 726 1293 815 oporteret
1326 743 1426 804 eum,
1454 720 1509 813 qui

392 834 507 898 orator
531 833 621 899 esset
640 822 818 917 futurus,¹
835 829 940 925 quid,
964 823 1071 901 etiam
1096 829 1126 900 si
1150 852 1221 900 non
1247 828 1447 913 didicisset,
1472 853 1509 899 ex

391 960 451 1021 ea,
477 937 573 1033 quod
598 937 796 1026 didicisset,
822 946 1025 1011 assumeret.
1072 938 1261 1010 Deduxisti
1285 937 1381 1009 enim
1403 944 1509 1009 totum

390 1044 569 1119 hominem
601 1046 638 1117 in
671 1048 742 1119 duo
776 1049 891 1121 solum
921 1072 1050 1143 genera
1085 1072 1289 1132 carnarum,
1326 1057 1439 1119 cetera
1459 1048 1507 1118 in-

389 1155 621 1228 numerabilia
646 1158 885 1230 exercitationi
909 1166 943 1229 et
968 1156 1193 1232 similitudini
1215 1156 1400 1251 reliquisti.
1445 1156 1508 1227 Sed

390 1264 489 1352 vide,
525 1289 570 1336 ne
601 1266 639 1338 in
672 1266 747 1339 istis
783 1266 923 1339 duobus
960 1265 1149 1362 generibus
1184 1265 1295 1360 hydra
1317 1264 1386 1337 tibi
1411 1266 1455 1338 sit
1477 1275 1508 1337 et

387 1374 509 1469 pellis,
548 1373 720 1447 Hercules
756 1383 875 1448 autem
912 1384 947 1449 et
980 1375 1048 1447 alia
1083 1399 1189 1471 opera
1222 1375 1354 1447 maiora
1383 1375 1420 1446 in
1444 1375 1508 1447 illis

385 1482 510 1570 rebus,
546 1508 633 1579 quas
668 1485 938 1581 praetermittis,
976 1484 1231 1580 relinquantur.
1300 1485 1383 1556 Non
1421 1485 1508 1555 enim

386 1592 474 1665 mihi
517 1594 635 1666 minus
679 1594 793 1691 operis
838 1595 988 1667 videtur*
1020 1595 1065 1666 de
1107 1594 1277 1666 universis
1325 1593 1508 1689 generibus

391 1697 563 1799 [rerum],
602 1728 707 1799 quam
739 1704 783 1775 de
805 1704 1026 1800 singulorum
1049 1704 1185 1791 causis,
1217 1728 1257 1775 ac
1277 1704 1388 1775 multo
1410 1703 1509 1774 etiam

387 1812 500 1884 maius
537 1812 580 1885 de
616 1822 742 1886 natura
778 1814 944 1901 deorum,
981 1837 1088 1911 quam
1118 1813 1163 1885 de
1186 1812 1371 1885 hominum
1392 1812 1508 1884 litibus

329 1946 338 1960 ·
386 1922 511 1995 dicere.
1203 1952 1208 1958 ·

328 2056 361 2107 ra
434 2031 515 2103 Non
530 2040 583 2105 est
607 2032 673 2119 ita,
692 2033 808 2129 inquit
821 2031 1015 2105 Antonius:
1030 2032 1142 2104 dicam
1157 2032 1252 2104 enim
1264 2031 1347 2117 tibi,
1367 2032 1506 2117 Catule,

384 2165 455 2215 non
485 2148 557 2214 tam
582 2142 726 2228 doctus,
757 2167 864 2238 quam
892 2142 962 2229 (id,
984 2141 1081 2239 quod
1105 2148 1159 2213 est
1182 2142 1310 2228 maius)
1336 2151 1506 2237 expertus.

384 2252 556 2323 Omnium
580 2259 775 2326 ceterarum
799 2276 917 2323 rerum
941 2252 1072 2338 oratio,
1097 2251 1187 2323 mihi
1204 2251 1326 2337 crede,
1340 2252 1447 2323 ludus
1459 2259 1507 2322 est

383 2360 519 2434 homini
542 2385 612 2433 non
638 2359 774 2446 hebeti,
800 2385 916 2457 neque
939 2361 1187 2446 inexercitato,
1213 2384 1329 2455 neque
1352 2385 1505 2433 commu-

383 2470 484 2542 nium
520 2470 701 2542 literarum
738 2477 771 2543 et
806 2470 978 2566 politioris
1015 2470 1245 2542 humanitatis
1281 2472 1437 2566 experti:
1471 2470 1505 2541 in

383 2604 566 2651 causarum
598 2580 883 2653 contentionibus
916 2604 1086 2676 magnum
1117 2586 1170 2651 est
1194 2578 1373 2674 quoddam
1396 2604 1506 2675 opus,

382 2697 488 2787 atque
512 2690 607 2764 haud
632 2690 758 2778 sciam,
784 2714 829 2762 an
856 2688 900 2762 de
920 2689 1085 2763 humanis
1102 2687 1267 2785 operibus
1280 2688 1506 2785 longemaxi·

381 2824 496 2906 mqm3
532 2801 569 2872 in
606 2800 736 2897 quibus
772 2799 824 2872 vis
857 2799 1000 2872 oratoris
1033 2800 1242 2894 plerumque
1265 2797 1310 2870 ab
1335 2799 1507 2895 imperitis

415 3003 456 3054 71.
474 3002 601 3050 deduxisti
620 3003 684 3050 enim
705 3002 784 3050 totam
800 3001 920 3051 homiaem
968 3004 1019 3050 tes:
1035 3001 1080 3050 sed
1092 3004 1168 3063 caput
1181 3003 1218 3049 est
1230 2999 1337 3048 formam
1349 2998 1395 3049 sibi
1406 3015 1507 3063 reprae-

381 3082 408 3128 in
425 3080 472 3129 dac
485 3083 664 3141 aoamqenera
678 3094 817 3129 causarum.
852 3081 920 3129 illud
968 3084 1081 3138 sectare,
1094 3094 1167 3140 quam
1178 3078 1308 3127 universae
1321 3080 1460 3128 sententiae
1472 3080 1507 3127 in·

381 3160 502 3208 dedocere
528 3159 563 3207 sic
583 3159 757 3220 explicandum
778 3163 831 3217 est,
852 3155 921 3220 quasi
969 3156 1509 3220 duerevolueritscriptor3idquodmaxime

381 3239 460 3295 dicat,
474 3237 569 3300 reliqna
583 3242 611 3285 ut
624 3237 705 3286 minus
720 3241 818 3286 curaret
824 3241 919 3295 orator,

380 3317 430 3365 duo
444 3317 524 3364 solum
537 3316 581 3364 illa
595 3331 686 3381 genera
700 3329 830 3364 causarum
840 3317 920 3377 impo-

381 3395 465 3453 suisti;
486 3408 576 3457 nempe
597 3409 638 3452 ea,
658 3409 721 3457 quae
739 3394 862 3443 Antonius
875 3409 919 3455 po·

380 3479 464 3524 suerat
482 3487 570 3535 supra,
593 3478 605 3532 ξ
627 3474 673 3532 43,
696 3488 758 3537 qaae
778 3474 823 3520 aa!
837 3473 864 3520 tu
877 3473 922 3520 lite

380 3552 487 3612 manda,
508 3553 554 3600 aot
574 3552 720 3600 insensilia
740 3550 821 3598 dando
840 3551 922 3598 eareat

375 3632 469 3692 posita.
504 3630 573 3678 Nihil
601 3638 653 3678 erat
687 3629 775 3676 curin
796 3629 844 3676 hac
863 3643 920 3677 aen-

379 3709 457 3758 tentia
470 3723 526 3757 voe.
541 3722 671 3757 camaram
685 3707 836 3770 displiceret.

414 3787 444 3835 de
457 3788 711 3851 satannianorum
719 3787 841 3848 [reram]
859 3789 892 3836 H.
901 3787 919 3834 l.

378 3867 443 3914 illud
455 3866 568 3928 plurale,
586 3878 691 3926 ponera,
707 3864 856 3913 servandum
870 3869 919 3912 est:

380 3945 415 3993 sic
436 3944 501 3992 enim
521 3944 589 4005 ipsae
608 3943 666 3992 illae
684 3943 840 4005 quaestiones
854 3943 919 3991 desi·

380 4027 498 4087 guantur:
520 4021 586 4071 conf.
606 4027 619 4080 ξ
639 4023 678 4071 66.
714 4021 764 4070 Sed
775 4034 866 4085 ponera
879 4035 919 4068 re·

379 4115 436 4150 ram
450 4101 578 4164 coniungit
590 4101 655 4158 duo,
673 4113 736 4161 quae
750 4099 860 4148 eiusdem
873 4114 918 4162 po·

378 4180 472 4230 testatis
503 4184 573 4229 sunt:
606 4179 689 4239 itaque
716 4192 801 4226 reram
826 4179 918 4227 tollen-

379 4261 447 4308 dum.
474 4259 561 4321 Longe
576 4257 702 4305 diversum
716 4261 767 4315 est,
783 4257 851 4317 quod
866 4256 919 4314 §83

379 4339 468 4389 dicitur
479 4351 570 4400 ponera
583 4349 676 4382 reram.

414 4417 454 4466 72.
479 4416 585 4462 omnium
610 4413 749 4461 ceterarum
775 4425 861 4460 reram
884 4439 919 4448 ·-

374 4498 450 4556 plena
463 4492 585 4541 veritatis.
619 4493 649 4539 In
670 4491 719 4540 hoc
735 4491 849 4554 longiore
862 4491 918 4539 loco

346 4582 351 4587 '
379 4573 462 4636 exigui
481 4570 598 4620 momenti
616 4575 673 4620 sunt
685 4569 798 4619 iectionis
810 4568 916 4619 varieta-

968 3237 1050 3286 incisis
1062 3237 1231 3284 indicandum.
1249 3237 1509 3286 Antoniusostendere

968 3317 1039 3373 vult,
1052 3315 1136 3364 inille
1149 3329 1241 3378 genere
1254 3315 1427 3377 eloquentiae,
1442 3317 1510 3378 quod

969 3409 1092 3442 summum
1106 3407 1159 3442 esse
1173 3393 1295 3442 existimat
1305 3392 1443 3458 (nempein
1451 3410 1509 3443 can-

968 3469 1509 3536 sarumcontentionibus),reliquorumquo·

969 3551 1510 3613 quegenerumtarnquameffundendasesse

968 3628 1067 3690 copias,
1088 3628 1238 3691 omninoque
1251 3629 1349 3676 nullum
1363 3630 1394 3678 de
1405 3632 1510 3693 reliquia

967 3711 1005 3755 tot
1037 3711 1211 3768 tantarumque
1242 3707 1362 3756 virtutum
1384 3711 1511 3769 praesidio

966 3785 1095 3848 indigere3
1112 3800 1175 3846 quae
1189 3786 1316 3834 conclusio
1328 3791 1382 3834 tum
1394 3790 1512 3838 contine·

967 3869 1008 3912 tur
1022 3862 1117 3923 verbis,
1130 3865 1512 3915 emmerammum-eu

966 3943 1101 4000 utendum,
1121 3946 1175 3990 turn
1188 3947 1290 3990 ornatur
1302 3942 1347 4000 iis,
1362 3957 1426 4005 quae
1440 3960 1513 3994 acce·

968 4021 1026 4068 dere
1045 4025 1160 4082 oportere
1180 4021 1238 4069 dein
1257 4020 1351 4070 adiicit.
1393 4021 1513 4072 Dubitari

966 4099 1042 4162 igitur
1055 4114 1106 4148 non
1120 4104 1202 4161 potest
1215 4098 1275 4160 quin
1288 4100 1402 4160 apodosis
1409 4099 1444 4149 ab
1451 4102 1513 4164 ipsis
1537 4094 1547 4104 ’

966 4177 1016 4225 iliis
1034 4176 1117 4226 verbis
1130 4176 1250 4241 (ommam
1261 4179 1460 4243 sententiarum)
1473 4181 1513 4228 in-

967 4255 1054 4316 cipiat,
1068 4256 1143 4304 modo
1151 4255 1338 4313 constituamus,
1353 4255 1445 4318 quibus
1452 4274 1512 4320 pro-

966 4333 1051 4396 positis
1064 4334 1413 4396 haecapodosisrespondeat.
1443 4339 1514 4386 Nec-

966 4427 1019 4461 esse
1040 4417 1077 4462 est
1096 4417 1178 4461 autem
1198 4412 1231 4460 ad
1247 4413 1291 4460 illa
1303 4414 1430 4474 pertinere
1444 4415 1515 4463 hanc

965 4491 1100 4553 apodosin,
1126 4491 1152 4538 in
1173 4489 1261 4552 quibus
1281 4491 1365 4552 operis
1386 4493 1467 4554 ipsius
1489 4500 1515 4542 et

965 4569 1027 4617 van'i
1044 4573 1070 4617 et
1087 4568 1225 4620 difficillimi
1245 4570 1380 4632 descriptio
1393 4572 1513 4632 ponitur,
