3242 5500
386 556 458 624 350
718 574 833 628 ranna
860 577 1030 630 ruamus.
1059 564 1076 643 §
1105 563 1186 634 175,

386 753 508 825 multis
543 777 599 824 res
635 776 725 838 una,
760 776 850 847 quae
873 753 986 846 magis
1008 761 1180 827 oratorem
1202 754 1246 825 ab
1272 755 1438 850 imperito
1461 758 1512 829 di·

386 863 490 938 cendi
524 863 718 958 ignaroque
747 862 966 957 distinguat,
1002 887 1108 957 quam
1136 864 1232 958 quod
1256 864 1315 936 ille
1338 865 1437 938 rudis
1461 868 1513 938 irr-

386 973 528 1046 oondite
561 972 679 1045 fundit
717 967 908 1070 [quantum
944 967 1094 1068 potest]‚
1129 982 1164 1046 et
1192 973 1250 1059 id,
1285 974 1382 1068 quod
1411 975 1513 1061 dicit,

387 1084 532 1179 spiritu,
571 1106 642 1153 uon
668 1090 762 1167 arte,
788 1080 1020 1167 determinat,
1046 1089 1162 1153 orator
1185 1090 1304 1154 autem
1328 1084 1378 1154 sio
1404 1085 1515 1181 illigat

387 1192 598 1264 sententiam
628 1190 762 1276 verbis,
793 1199 833 1262 ut
856 1214 932 1261 eam
957 1214 1103 1262 numero
1127 1191 1280 1285 quodam
1304 1194 1512 1288 complecta-

313 1329 359 1382 rra
385 1311 461 1387 tur,
493 1309 528 1374 et
554 1302 714 1387 astricta,
748 1308 783 1372 et
821 1297 946 1372 soluta.
999 1301 1092 1372 Nam
1130 1325 1242 1396 quum
1265 1302 1379 1374 vinxit
1404 1303 1514 1376 forma

384 1420 418 1484 et
453 1411 586 1497 modis,
621 1411 752 1482 relaxat
784 1417 818 1482 et
850 1407 977 1481 liberat
1008 1409 1255 1482 immutatione
1286 1411 1443 1500 ordinis,
1473 1423 1514 1484 ut

384 1520 489 1593 verba
505 1544 621 1616 neque
638 1520 782 1615 alligata
800 1519 883 1604 sint,
907 1519 1008 1616 quasi
1028 1527 1121 1591 certa
1145 1520 1263 1617 aliqua
1282 1521 1362 1616 lege
1374 1546 1513 1608 versus,

383 1655 498 1727 neque
522 1632 572 1702 ita
595 1630 726 1716 soluta,
753 1637 794 1700 ut
817 1637 1000 1724 vagentur.

310 1750 357 1818 45
434 1741 600 1816 Quonam
633 1740 744 1835 igitur
777 1737 882 1810 modo
904 1745 1044 1810 tantum
1067 1763 1197 1811 munus
1222 1738 1448 1828 insistemus,
1476 1753 1513 1814 ut

383 1849 592 1923 arbitremur
625 1873 689 1920 nos
722 1850 813 1922 hane
845 1847 916 1919 vim
953 1871 1139 1920 numerose
1173 1848 1314 1920 dicendi
1344 1853 1512 1946 consequi

383 1960 511 2055 posse?
556 1958 638 2029 Non
674 1965 727 2030 est
760 1982 816 2029 res
848 1965 921 2029 tam
953 1957 1125 2044 difficilis,
1165 1981 1271 2054 quam
1303 1963 1509 2033 necessaria.

383 2069 484 2141 Nihil
507 2075 560 2139 est
585 2068 680 2139 enim
704 2075 779 2139 tam
802 2075 984 2152 tenerum,
1010 2091 1126 2162 neque
1151 2075 1223 2139 tam
1249 2065 1428 2155 flexibile,
1453 2094 1510 2140 ne·

383 2203 452 2274 que
476 2177 572 2273 quod
595 2185 667 2248 tarn
692 2176 793 2248 faeile
819 2184 985 2272 sequatur
1010 2200 1233 2276 quorumque
1254 2178 1383 2263 ducar,
1406 2203 1508 2274 quarn

311 2318 358 2370 rra
382 2290 510 2361 oratio:
543 2311 585 2358 ex
610 2288 674 2359 hao
699 2310 839 2371 versus,
866 2309 909 2356 ex
934 2285 1056 2356 eadem
1081 2285 1237 2382 dispares
1262 2288 1404 2359 numeri
1429 2313 1505 2358 eon·

382 2399 564 2480 ficiuntur3
596 2421 639 2468 ex
668 2395 733 2467 hao
766 2395 850 2466 baec
883 2394 988 2466 etiam
1011 2394 1126 2468 soluta
1148 2395 1252 2467 variis
1278 2395 1395 2468 modis
1422 2397 1505 2468 mul-

380 2516 568 2601 torumque
604 2528 774 2601 generum
809 2504 929 2575 oratio.
993 2504 1074 2575 Non
1105 2504 1201 2578 enirn
1228 2513 1312 2577 sunt
1340 2505 1410 2577 alia
1440 2529 1502 2578 ser·

382 2617 516 2700 monia,
542 2614 610 2686 alia
630 2613 863 2685 contentionis
890 2612 1011 2699 verba,
1038 2637 1154 2709 neque
1172 2615 1299 2686 exalia
1318 2615 1502 2710 generead

382 2751 487 2798 usum
521 2724 787 2820 quotidianum,
825 2722 892 2795 alio
928 2721 973 2794 ad
1010 2748 1149 2796 scenam
1186 2744 1426 2821 pompamque
1450 2749 1499 2797 su·

382 2844 546 2908 muntur:
574 2833 636 2905 sed
661 2858 701 2905 ea
725 2858 789 2905 nos
814 2857 925 2928 quum
942 2832 1091 2905 iacentia
1109 2834 1318 2907 sustulimus
1337 2858 1356 2905 e
1374 2834 1499 2918 medie,

381 2946 472 3017 siout
511 2944 755 3015 mollissimam
788 2966 903 3014 ceram
945 2942 990 3013 ad
1025 2950 1184 3015 nostrum
1220 2942 1405 3015 arbitrium
1437 2943 1499 3014 for·

381 3078 519 3125 mamus
552 3062 587 3124 et
616 3053 795 3148 fingimus.
849 3051 975 3146 Itaque
1003 3058 1080 3123 turn
1110 3076 1232 3147 graves
1263 3077 1404 3138 sumus,
1429 3060 1497 3123 tum

381 3162 546 3247 subtiles,
571 3170 646 3233 turn
669 3162 827 3233 medium
849 3159 1018 3256 quiddam
1035 3168 1212 3233 tenemus:
1240 3162 1290 3233 aie
1308 3162 1498 3237 inst'tutam

380 3280 536 3344 nostram
561 3271 772 3343 sententiam
797 3270 957 3365 sequitur
979 3270 1146 3358 orationis
1169 3294 1302 3365 genus;
1329 3270 1435 3365 idque
1457 3268 1498 3339 ad

414 3591 471 3641 176.
489 3604 563 3652 quum
582 3589 665 3638 vineit
684 3587 762 3635 modia
784 3587 914 3647 etsorma.
965 3602 1010 3645 eo,
1032 3587 1099 3649 quod
1123 3588 1145 3635 ai
1166 3588 1343 3649 praestandum
1362 3592 1386 3635 et
1398 3586 1497 3635 dicendo

379 3669 448 3719 Nihil
467 3672 521 3717 erat
540 3682 584 3715 cur
597 3667 686 3715 horum
701 3665 914 3715 substantivorum
964 3666 1142 3728 perficiendum
1163 3670 1208 3714 est.
1243 3665 1386 3714 Reiioienda
1405 3678 1496 3727 quoque

378 3748 491 3796 ordinem
504 3752 639 3804 mutarem,
654 3744 914 3805 utmaluitKayserus.
964 3744 1088 3805 syntaxis,
1107 3744 1224 3791 instatere
1244 3743 1351 3804 aliquid,
1375 3758 1444 3805 quam
1460 3747 1496 3789 ta·

379 3826 428 3875 Seri
447 3823 582 3887 praestabit
601 3822 671 3872 modo
689 3827 716 3872 et
729 3822 831 3882 foma,
852 3823 915 3871 sicut
964 3838 1022 3871 rnen
1046 3836 1112 3870 nunc
1133 3822 1206 3870 video
1227 3821 1364 3871 defendia
1384 3820 1495 3871 Piderib'o

378 3910 416 3953 est
432 3910 445 3963 ξ
461 3906 517 3953 173.
964 3900 1110 3949 auctoritate
1130 3899 1221 3948 Plauti.
1263 3902 1312 3948 Fac
1332 3898 1426 3961 probari
1449 3898 1497 3947 hoe

411 3996 515 4044 qaenam
527 3982 607 4045 ipitur
619 3982 689 4029 modo
700 3980 914 4041 -eoaaeqaipoa-
964 3993 1035 4039 posse
1043 4013 1050 4037 ,
1064 3984 1093 4027 ut
1106 3979 1222 4026 {mistero
1236 3978 1263 4025 h.
1278 3979 1296 4025 l.
1312 3978 1495 4039 sitiqaroere,

377 4061 421 4108 ae?
454 4062 493 4108 Da
513 4058 551 4106 his
568 4058 759 4120 interpretandis
771 4072 868 4106 merum
882 4057 914 4105 si·
964 4070 1069 4108 errrore:
1083 4056 1142 4117 quid
1155 4061 1239 4104 tamen
1254 4056 1302 4105 erit
1308 4057 1363 4115 hoe,
1378 4053 1497 4119 quomodo

377 4139 481 4188 lentium
507 4138 575 4199 apud
594 4136 739 4186 novissimos
758 4136 915 4197 interpretas
964 4137 1061 4183 tantum
1081 4149 1169 4182 manaa
1186 4136 1338 4198 urpeba'mua,
1351 4133 1496 4182 aaaron·

378 4221 398 4267 E
413 4218 492 4267 Codd.
507 4216 632 4265 varietatis
643 4216 705 4263 nihil
717 4216 827 4273 uffarmr,
842 4230 914 4276 prae·
963 4228 1020 4261 mur
1039 4216 1091 4261 -ἲ
1112 4215 1180 4275 quasi
1194 4214 1331 4261 insistendo
1344 4214 1496 4261 hortantum

376 4302 416 4345 ter
436 4297 549 4359 quoniam
569 4310 615 4357 pro
635 4308 752 4357 quonam,
769 4299 796 4342 et
808 4282 856 4343 aaa
869 4308 915 4355 pro
964 4292 1112 4351 obtinerent,
1126 4294 1156 4340 ut
1167 4292 1361 4339 arbitrarentur.
1376 4289 1437 4337 Fieri
1446 4304 1496 4337 non

376 4375 459 4434 modo,
480 4379 505 4423 et
525 4374 622 4422 tantum
642 4372 767 4421 omissum.
802 4370 916 4419 Muneris
963 4375 1054 4433 potest:
1077 4379 1101 4421 et
1120 4371 1232 4421 nondum
1250 4368 1425 4419 abiioiomeam
1439 4381 1495 4415 cor·

377 4468 469 4503 nomen
489 4453 515 4500 in
536 4453 583 4501 hac
600 4451 722 4500 sententia
734 4450 816 4497 minus
829 4454 914 4512 aptum
962 4450 1060 4513 rigandi
1072 4450 1207 4506 rationem,
1230 4457 1271 4507 ut,
1286 4447 1379 4497 abiectis
1389 4445 1442 4494 illia
1456 4446 1495 4493 iu-

377 4536 429 4590 est,
451 4531 567 4592 quoniam
588 4544 655 4578 nuno
672 4530 704 4576 de
718 4527 820 4577 artifieio
833 4540 914 4577 sermo
963 4527 1165 4590 explicabilibus,
1180 4528 1291 4590 legatur,
1307 4539 1400 4591 queam
1415 4524 1496 4587 qtrur

376 4616 422 4668 est,
437 4625 486 4671 quo
500 4610 536 4657 uti
550 4614 662 4671 oporteat
673 4614 809 4664 oratorem,
825 4620 874 4654 nen
883 4606 914 4653 de
963 4608 1032 4654 modo
1046 4608 1257 4654 arbitramurque
1269 4630 1315 4663 -‚
1334 4616 1401 4665 quum
1417 4602 1496 4664 vulgo
