<?xml version="1.0" encoding="UTF-8"?>
<!DOCTYPE html PUBLIC "-//W3C//DTD XHTML 1.0 Transitional//EN"
    "http://www.w3.org/TR/xhtml1/DTD/xhtml1-transitional.dtd">
<html xmlns="http://www.w3.org/1999/xhtml" xml:lang="en" lang="en">
 <head>
  <title>
</title>
<meta http-equiv="Content-Type" content="text/html;charset=utf-8" />
  <meta name='ocr-system' content='tesseract 3.04.00' />
  <meta name='ocr-capabilities' content='ocr_page ocr_carea ocr_par ocr_line ocrx_word'/>
</head>
<body>
  <div class='ocr_page' id='page_1' title='image "./mtulliiciceroni01bakegoog_0194.png"; bbox 0 0 3242 5500; ppageno 0'>
   <div class='ocr_carea' id='block_1_1' title="bbox 387 537 1199 622">
    <p class='ocr_par' dir='ltr' id='par_1_1' title="bbox 387 537 1199 622">
     <span class='ocr_line' id='line_1_1' title="bbox 387 537 1199 622; baseline 0.001 -17"><span class='ocrx_word' id='word_1_1' title='bbox 387 537 457 609; x_wconf 82' lang='grc'><strong>174</strong></span> <span class='ocrx_word' id='word_1_2' title='bbox 703 555 817 605; x_wconf 77' lang='lat' dir='ltr'><strong>runnu</strong></span> <span class='ocrx_word' id='word_1_3' title='bbox 842 556 1044 609; x_wconf 79' lang='lat' dir='ltr'><strong>sucunnus</strong></span> <span class='ocrx_word' id='word_1_4' title='bbox 1073 542 1091 622; x_wconf 83' lang='lat'>§</span> <span class='ocrx_word' id='word_1_5' title='bbox 1118 539 1199 609; x_wconf 78' lang='lat'>129.</span> 
     </span>
    </p>
   </div>
   <div class='ocr_carea' id='block_1_2' title="bbox 274 727 1593 3338">
    <p class='ocr_par' dir='ltr' id='par_1_2' title="bbox 274 727 1491 1456">
     <span class='ocr_line' id='line_1_2' title="bbox 274 727 1490 824; baseline 0 -24"><span class='ocrx_word' id='word_1_6' title='bbox 274 729 276 732; x_wconf 74' lang='grc'><strong>’</strong></span> <span class='ocrx_word' id='word_1_7' title='bbox 383 737 445 801; x_wconf 93' lang='lat' dir='ltr'><strong>aut</strong></span> <span class='ocrx_word' id='word_1_8' title='bbox 475 727 688 801; x_wconf 87' lang='lat' dir='ltr'><strong>defensionis</strong></span> <span class='ocrx_word' id='word_1_9' title='bbox 716 731 934 823; x_wconf 83' lang='lat' dir='ltr'>argumentis</span> <span class='ocrx_word' id='word_1_10' title='bbox 963 730 1177 816; x_wconf 77' lang='lat' dir='ltr'><strong>adducatur,</strong></span> <span class='ocrx_word' id='word_1_11' title='bbox 1208 738 1269 802; x_wconf 90' lang='lat' dir='ltr'><strong>aut</strong></span> <span class='ocrx_word' id='word_1_12' title='bbox 1298 728 1406 802; x_wconf 89' lang='lat' dir='ltr'><strong>animi</strong></span> <span class='ocrx_word' id='word_1_13' title='bbox 1427 753 1490 824; x_wconf 89' lang='lat' dir='ltr'><strong>per·</strong></span> 
     </span>
     <span class='ocr_line' id='line_1_3' title="bbox 384 837 1490 935; baseline -0.001 -25"><span class='ocrx_word' id='word_1_14' title='bbox 384 837 539 914; x_wconf 88' lang='lat' dir='ltr'><strong>motione</strong></span> <span class='ocrx_word' id='word_1_15' title='bbox 567 846 723 933; x_wconf 83' lang='lat' dir='ltr'><strong>cogatur.</strong></span> <span class='ocrx_word' id='word_1_16' title='bbox 776 838 866 924; x_wconf 88' lang='lat' dir='ltr'><strong>Sed,</strong></span> <span class='ocrx_word' id='word_1_17' title='bbox 899 839 1065 934; x_wconf 91' lang='lat' dir='ltr'><strong>quoniam</strong></span> <span class='ocrx_word' id='word_1_18' title='bbox 1093 839 1155 912; x_wconf 89' lang='lat' dir='ltr'><strong>illa</strong></span> <span class='ocrx_word' id='word_1_19' title='bbox 1177 864 1277 935; x_wconf 90' lang='lat' dir='ltr'><strong>pars,</strong></span> <span class='ocrx_word' id='word_1_20' title='bbox 1305 840 1342 910; x_wconf 93' lang='lat' dir='ltr'><strong>in</strong></span> <span class='ocrx_word' id='word_1_21' title='bbox 1366 863 1431 934; x_wconf 90' lang='lat' dir='ltr'><strong>qua</strong></span> <span class='ocrx_word' id='word_1_22' title='bbox 1447 863 1490 909; x_wconf 88' lang='lat' dir='ltr'><strong>re·</strong></span> 
     </span>
     <span class='ocr_line' id='line_1_4' title="bbox 382 947 1491 1044; baseline 0.002 -26"><span class='ocrx_word' id='word_1_23' title='bbox 382 971 461 1019; x_wconf 84' lang='lat' dir='ltr'><strong>rum</strong></span> <span class='ocrx_word' id='word_1_24' title='bbox 494 947 650 1044; x_wconf 90' lang='lat' dir='ltr'><strong>ipsarum</strong></span> <span class='ocrx_word' id='word_1_25' title='bbox 677 947 863 1044; x_wconf 82' lang='lat' dir='ltr'><strong>explicatio</strong></span> <span class='ocrx_word' id='word_1_26' title='bbox 890 972 929 1020; x_wconf 87' lang='lat' dir='ltr'><strong>ac</strong></span> <span class='ocrx_word' id='word_1_27' title='bbox 958 948 1249 1044; x_wconf 87' lang='lat' dir='ltr'><strong>defensioposita</strong></span> <span class='ocrx_word' id='word_1_28' title='bbox 1272 954 1345 1034; x_wconf 89' lang='lat' dir='ltr'><strong>est,</strong></span> <span class='ocrx_word' id='word_1_29' title='bbox 1371 948 1491 1020; x_wconf 87' lang='lat' dir='ltr'><strong>videtur</strong></span> 
     </span>
     <span class='ocr_line' id='line_1_5' title="bbox 382 1056 1489 1152; baseline 0.001 -25"><span class='ocrx_word' id='word_1_30' title='bbox 382 1080 524 1128; x_wconf 93' lang='lat' dir='ltr'><strong>omnem</strong></span> <span class='ocrx_word' id='word_1_31' title='bbox 548 1056 654 1128; x_wconf 90' lang='lat' dir='ltr'><strong>huius</strong></span> <span class='ocrx_word' id='word_1_32' title='bbox 677 1057 816 1151; x_wconf 89' lang='lat' dir='ltr'><strong>generis</strong></span> <span class='ocrx_word' id='word_1_33' title='bbox 840 1057 942 1152; x_wconf 87' lang='lat' dir='ltr'><strong>quasi</strong></span> <span class='ocrx_word' id='word_1_34' title='bbox 963 1057 1158 1130; x_wconf 85' lang='lat' dir='ltr'><strong>doctrinam</strong></span> <span class='ocrx_word' id='word_1_35' title='bbox 1179 1058 1379 1143; x_wconf 89' lang='lat' dir='ltr'><strong>continere,</strong></span> <span class='ocrx_word' id='word_1_36' title='bbox 1404 1057 1444 1128; x_wconf 92' lang='lat' dir='ltr'><strong>de</strong></span> <span class='ocrx_word' id='word_1_37' title='bbox 1459 1081 1489 1128; x_wconf 88' lang='lat' dir='ltr'><strong>eu</strong></span> 
     </span>
     <span class='ocr_line' id='line_1_6' title="bbox 383 1159 1488 1262; baseline 0.002 -26"><span class='ocrx_word' id='word_1_38' title='bbox 383 1165 539 1262; x_wconf 88' lang='lat' dir='ltr'><strong>primum</strong></span> <span class='ocrx_word' id='word_1_39' title='bbox 551 1165 749 1261; x_wconf 91' lang='lat' dir='ltr'><strong>loquemur,</strong></span> <span class='ocrx_word' id='word_1_40' title='bbox 768 1174 802 1237; x_wconf 91' lang='lat' dir='ltr'><strong>et</strong></span> <span class='ocrx_word' id='word_1_41' title='bbox 813 1190 923 1261; x_wconf 91' lang='lat' dir='ltr'><strong>pauca</strong></span> <span class='ocrx_word' id='word_1_42' title='bbox 936 1166 1111 1253; x_wconf 90' lang='lat' dir='ltr'><strong>dicemus,</strong></span> <span class='ocrx_word' id='word_1_43' title='bbox 1134 1162 1260 1262; x_wconf 86' lang='lat' dir='ltr'><strong>[pauca</strong></span> <span class='ocrx_word' id='word_1_44' title='bbox 1277 1167 1372 1238; x_wconf 87' lang='lat' dir='ltr'><strong>enim</strong></span> <span class='ocrx_word' id='word_1_45' title='bbox 1389 1159 1488 1262; x_wconf 76' lang='lat' dir='ltr'><strong>sunt]</strong></span> 
     </span>
     <span class='ocr_line' id='line_1_7' title="bbox 383 1275 1490 1371; baseline 0.001 -26"><span class='ocrx_word' id='word_1_46' title='bbox 383 1298 473 1370; x_wconf 90' lang='lat' dir='ltr'><strong>quae</strong></span> <span class='ocrx_word' id='word_1_47' title='bbox 506 1299 574 1347; x_wconf 91' lang='lat' dir='ltr'><strong>usu</strong></span> <span class='ocrx_word' id='word_1_48' title='bbox 605 1275 675 1347; x_wconf 90' lang='lat' dir='ltr'><strong>iam</strong></span> <span class='ocrx_word' id='word_1_49' title='bbox 709 1282 875 1362; x_wconf 87' lang='lat' dir='ltr'><strong>tractata,</strong></span> <span class='ocrx_word' id='word_1_50' title='bbox 911 1283 946 1348; x_wconf 89' lang='lat' dir='ltr'><strong>et</strong></span> <span class='ocrx_word' id='word_1_51' title='bbox 973 1275 1091 1348; x_wconf 89' lang='lat' dir='ltr'><strong>animo</strong></span> <span class='ocrx_word' id='word_1_52' title='bbox 1114 1277 1215 1371; x_wconf 88' lang='lat' dir='ltr'><strong>quasi</strong></span> <span class='ocrx_word' id='word_1_53' title='bbox 1237 1283 1359 1348; x_wconf 88' lang='lat' dir='ltr'><strong>notata</strong></span> <span class='ocrx_word' id='word_1_54' title='bbox 1380 1275 1490 1347; x_wconf 87' lang='lat' dir='ltr'><strong>habere</strong></span> 
     </span>
     <span class='ocr_line' id='line_1_8' title="bbox 385 1383 554 1456; baseline 0.006 -1"><span class='ocrx_word' id='word_1_55' title='bbox 385 1383 554 1456; x_wconf 87' lang='lat' dir='ltr'><strong>videmur.</strong></span> 
     </span>
    </p>

    <p class='ocr_par' dir='ltr' id='par_1_3' title="bbox 310 1491 1491 1588">
     <span class='ocr_line' id='line_1_9' title="bbox 310 1491 1491 1588; baseline 0.003 -28"><span class='ocrx_word' id='word_1_56' title='bbox 310 1492 358 1560; x_wconf 89' lang='grc'><strong>30</strong></span> <span class='ocrx_word' id='word_1_57' title='bbox 431 1491 485 1565; x_wconf 86' lang='lat' dir='ltr'><strong>Ac</strong></span> <span class='ocrx_word' id='word_1_58' title='bbox 515 1492 582 1566; x_wconf 92' lang='lat' dir='ltr'><strong>tibi</strong></span> <span class='ocrx_word' id='word_1_59' title='bbox 619 1493 794 1588; x_wconf 81' lang='lat' dir='ltr'><strong>sapienter</strong></span> <span class='ocrx_word' id='word_1_60' title='bbox 829 1495 1003 1580; x_wconf 88' lang='lat' dir='ltr'><strong>monenti,</strong></span> <span class='ocrx_word' id='word_1_61' title='bbox 1043 1493 1184 1579; x_wconf 85' lang='lat' dir='ltr'><strong>Crasse,</strong></span> <span class='ocrx_word' id='word_1_62' title='bbox 1218 1492 1367 1565; x_wconf 87' lang='lat' dir='ltr'><strong>libenter</strong></span> <span class='ocrx_word' id='word_1_63' title='bbox 1391 1516 1491 1565; x_wconf 88' lang='lat' dir='ltr'><strong>assen-</strong></span> 
     </span>
    </p>

    <p class='ocr_par' dir='ltr' id='par_1_4' title="bbox 310 1602 1494 2571">
     <span class='ocr_line' id='line_1_10' title="bbox 310 1602 1489 1698; baseline -0.002 -24"><span class='ocrx_word' id='word_1_64' title='bbox 310 1618 358 1665; x_wconf 72' lang='grc'><strong>130</strong></span> <span class='ocrx_word' id='word_1_65' title='bbox 383 1602 509 1687; x_wconf 89' lang='lat' dir='ltr'><strong>timur,</strong></span> <span class='ocrx_word' id='word_1_66' title='bbox 545 1609 586 1674; x_wconf 91' lang='lat' dir='ltr'><strong>ut</strong></span> <span class='ocrx_word' id='word_1_67' title='bbox 620 1603 840 1698; x_wconf 88' lang='lat' dir='ltr'><strong>singularum</strong></span> <span class='ocrx_word' id='word_1_68' title='bbox 865 1627 1049 1675; x_wconf 89' lang='lat' dir='ltr'><strong>causarum</strong></span> <span class='ocrx_word' id='word_1_69' title='bbox 1072 1603 1316 1688; x_wconf 88' lang='lat' dir='ltr'><strong>defensiones,</strong></span> <span class='ocrx_word' id='word_1_70' title='bbox 1340 1627 1425 1698; x_wconf 90' lang='lat' dir='ltr'><strong>quas</strong></span> <span class='ocrx_word' id='word_1_71' title='bbox 1447 1626 1489 1673; x_wconf 92' lang='lat' dir='ltr'><strong>sc·</strong></span> 
     </span>
     <span class='ocr_line' id='line_1_11' title="bbox 382 1711 1491 1808; baseline -0.001 -25"><span class='ocrx_word' id='word_1_72' title='bbox 382 1712 458 1783; x_wconf 91' lang='lat' dir='ltr'><strong>lent</strong></span> <span class='ocrx_word' id='word_1_73' title='bbox 491 1711 651 1806; x_wconf 85' lang='lat' dir='ltr'><strong>magistri</strong></span> <span class='ocrx_word' id='word_1_74' title='bbox 681 1711 799 1806; x_wconf 91' lang='lat' dir='ltr'><strong>pueris</strong></span> <span class='ocrx_word' id='word_1_75' title='bbox 831 1712 988 1798; x_wconf 86' lang='lat' dir='ltr'><strong>tradere,</strong></span> <span class='ocrx_word' id='word_1_76' title='bbox 1020 1712 1279 1808; x_wconf 88' lang='lat' dir='ltr'><strong>relinquamus,</strong></span> <span class='ocrx_word' id='word_1_77' title='bbox 1311 1713 1491 1807; x_wconf 84' lang='lat' dir='ltr'><strong>aperiamus</strong></span> 
     </span>
     <span class='ocr_line' id='line_1_12' title="bbox 382 1820 1491 1915; baseline -0.002 -23"><span class='ocrx_word' id='word_1_78' title='bbox 382 1828 502 1892; x_wconf 88' lang='lat' dir='ltr'><strong>autem</strong></span> <span class='ocrx_word' id='word_1_79' title='bbox 524 1820 638 1915; x_wconf 89' lang='lat' dir='ltr'><strong>capita</strong></span> <span class='ocrx_word' id='word_1_80' title='bbox 662 1845 721 1906; x_wconf 89' lang='lat' dir='ltr'><strong>aa,</strong></span> <span class='ocrx_word' id='word_1_81' title='bbox 746 1820 843 1892; x_wconf 91' lang='lat' dir='ltr'><strong>unde</strong></span> <span class='ocrx_word' id='word_1_82' title='bbox 872 1821 986 1893; x_wconf 91' lang='lat' dir='ltr'><strong>omnis</strong></span> <span class='ocrx_word' id='word_1_83' title='bbox 1011 1821 1056 1894; x_wconf 86' lang='lat' dir='ltr'><strong>ad</strong></span> <span class='ocrx_word' id='word_1_84' title='bbox 1079 1845 1219 1893; x_wconf 89' lang='lat' dir='ltr'><strong>omnem</strong></span> <span class='ocrx_word' id='word_1_85' title='bbox 1242 1830 1442 1906; x_wconf 81' lang='lat' dir='ltr'><strong>etecusam,</strong></span> <span class='ocrx_word' id='word_1_86' title='bbox 1464 1827 1491 1890; x_wconf 90' lang='lat' dir='ltr'><strong>et</strong></span> 
     </span>
     <span class='ocr_line' id='line_1_13' title="bbox 382 1928 1490 2026; baseline -0.004 -24"><span class='ocrx_word' id='word_1_87' title='bbox 382 1929 573 2002; x_wconf 89' lang='lat' dir='ltr'><strong>orationem</strong></span> <span class='ocrx_word' id='word_1_88' title='bbox 596 1928 788 2025; x_wconf 90' lang='lat' dir='ltr'><strong>disputatio</strong></span> <span class='ocrx_word' id='word_1_89' title='bbox 813 1929 965 2002; x_wconf 89' lang='lat' dir='ltr'><strong>ducitur.</strong></span> <span class='ocrx_word' id='word_1_90' title='bbox 994 1931 1120 2026; x_wconf 92' lang='lat' dir='ltr'><strong>Neque</strong></span> <span class='ocrx_word' id='word_1_91' title='bbox 1144 1930 1256 2016; x_wconf 89' lang='lat' dir='ltr'><strong>enim,</strong></span> <span class='ocrx_word' id='word_1_92' title='bbox 1282 1931 1418 2024; x_wconf 89' lang='lat' dir='ltr'><strong>quoties</strong></span> <span class='ocrx_word' id='word_1_93' title='bbox 1429 1953 1490 2000; x_wconf 93' lang='lat' dir='ltr'><strong>ver·</strong></span> 
     </span>
     <span class='ocr_line' id='line_1_14' title="bbox 382 2036 1494 2133; baseline -0.004 -22"><span class='ocrx_word' id='word_1_94' title='bbox 382 2039 470 2111; x_wconf 93' lang='lat' dir='ltr'><strong>bum</strong></span> <span class='ocrx_word' id='word_1_95' title='bbox 500 2038 644 2133; x_wconf 88' lang='lat' dir='ltr'><strong>aliquod</strong></span> <span class='ocrx_word' id='word_1_96' title='bbox 678 2046 731 2110; x_wconf 86' lang='lat' dir='ltr'><strong>est</strong></span> <span class='ocrx_word' id='word_1_97' title='bbox 765 2038 990 2111; x_wconf 87' lang='lat' dir='ltr'><strong>scribendum</strong></span> <span class='ocrx_word' id='word_1_98' title='bbox 1022 2038 1145 2125; x_wconf 90' lang='lat' dir='ltr'><strong>nobis,</strong></span> <span class='ocrx_word' id='word_1_99' title='bbox 1177 2039 1281 2111; x_wconf 90' lang='lat' dir='ltr'><strong>toties</strong></span> <span class='ocrx_word' id='word_1_100' title='bbox 1312 2040 1386 2111; x_wconf 91' lang='lat' dir='ltr'><strong>eius</strong></span> <span class='ocrx_word' id='word_1_101' title='bbox 1411 2036 1494 2111; x_wconf 91' lang='lat' dir='ltr'><strong>verbi</strong></span> 
     </span>
     <span class='ocr_line' id='line_1_15' title="bbox 382 2147 1492 2244; baseline -0.003 -24"><span class='ocrx_word' id='word_1_102' title='bbox 382 2149 501 2220; x_wconf 92' lang='lat' dir='ltr'><strong>literae</strong></span> <span class='ocrx_word' id='word_1_103' title='bbox 521 2156 605 2220; x_wconf 92' lang='lat' dir='ltr'><strong>sunt</strong></span> <span class='ocrx_word' id='word_1_104' title='bbox 626 2147 838 2243; x_wconf 87' lang='lat' dir='ltr'><strong>cogitatione</strong></span> <span class='ocrx_word' id='word_1_105' title='bbox 858 2148 1133 2244; x_wconf 61' lang='lat' dir='ltr'><strong>conquirendam</strong></span> <span class='ocrx_word' id='word_1_106' title='bbox 1155 2172 1220 2220; x_wconf 90' lang='lat' dir='ltr'><strong>nec</strong></span> <span class='ocrx_word' id='word_1_107' title='bbox 1244 2150 1379 2244; x_wconf 88' lang='lat' dir='ltr'><strong>quotics</strong></span> <span class='ocrx_word' id='word_1_108' title='bbox 1404 2169 1492 2220; x_wconf 86' lang='lat' dir='ltr'><strong>causa</strong></span> 
     </span>
     <span class='ocr_line' id='line_1_16' title="bbox 382 2257 1491 2354; baseline -0.004 -24"><span class='ocrx_word' id='word_1_109' title='bbox 382 2257 531 2330; x_wconf 92' lang='lat' dir='ltr'><strong>dicenda</strong></span> <span class='ocrx_word' id='word_1_110' title='bbox 566 2265 640 2343; x_wconf 90' lang='lat' dir='ltr'><strong>est,</strong></span> <span class='ocrx_word' id='word_1_111' title='bbox 674 2258 778 2329; x_wconf 90' lang='lat' dir='ltr'><strong>toties</strong></span> <span class='ocrx_word' id='word_1_112' title='bbox 809 2258 855 2329; x_wconf 92' lang='lat' dir='ltr'><strong>ad</strong></span> <span class='ocrx_word' id='word_1_113' title='bbox 880 2258 955 2330; x_wconf 88' lang='lat' dir='ltr'><strong>eius</strong></span> <span class='ocrx_word' id='word_1_114' title='bbox 979 2282 1104 2330; x_wconf 87' lang='lat' dir='ltr'><strong>causae</strong></span> <span class='ocrx_word' id='word_1_115' title='bbox 1126 2258 1277 2354; x_wconf 88' lang='lat' dir='ltr'><strong>seposita</strong></span> <span class='ocrx_word' id='word_1_116' title='bbox 1300 2263 1491 2352; x_wconf 88' lang='lat' dir='ltr'><strong>argmnenta</strong></span> 
     </span>
     <span class='ocr_line' id='line_1_17' title="bbox 381 2366 1491 2462; baseline -0.004 -23"><span class='ocrx_word' id='word_1_117' title='bbox 381 2366 510 2439; x_wconf 88' lang='lat' dir='ltr'><strong>revolvi</strong></span> <span class='ocrx_word' id='word_1_118' title='bbox 545 2389 609 2438; x_wconf 91' lang='lat' dir='ltr'><strong>nos</strong></span> <span class='ocrx_word' id='word_1_119' title='bbox 647 2373 802 2462; x_wconf 91' lang='lat' dir='ltr'><strong>oportet,</strong></span> <span class='ocrx_word' id='word_1_120' title='bbox 837 2366 898 2438; x_wconf 90' lang='lat' dir='ltr'><strong>sed</strong></span> <span class='ocrx_word' id='word_1_121' title='bbox 931 2366 1060 2444; x_wconf 87' lang='lat' dir='ltr'><strong>habere</strong></span> <span class='ocrx_word' id='word_1_122' title='bbox 1083 2374 1195 2440; x_wconf 87' lang='lat' dir='ltr'><strong>certos</strong></span> <span class='ocrx_word' id='word_1_123' title='bbox 1219 2367 1334 2453; x_wconf 91' lang='lat' dir='ltr'><strong>locos,</strong></span> <span class='ocrx_word' id='word_1_124' title='bbox 1360 2366 1438 2462; x_wconf 91' lang='lat' dir='ltr'><strong>qui,</strong></span> <span class='ocrx_word' id='word_1_125' title='bbox 1459 2373 1491 2435; x_wconf 90' lang='lat' dir='ltr'><strong>ut</strong></span> 
     </span>
     <span class='ocr_line' id='line_1_18' title="bbox 382 2473 1490 2571; baseline -0.003 -23"><span class='ocrx_word' id='word_1_126' title='bbox 382 2477 503 2549; x_wconf 90' lang='lat' dir='ltr'><strong>literae</strong></span> <span class='ocrx_word' id='word_1_127' title='bbox 527 2475 572 2547; x_wconf 92' lang='lat' dir='ltr'><strong>ad</strong></span> <span class='ocrx_word' id='word_1_128' title='bbox 597 2473 742 2547; x_wconf 90' lang='lat' dir='ltr'><strong>verbum</strong></span> <span class='ocrx_word' id='word_1_129' title='bbox 766 2475 1013 2562; x_wconf 89' lang='lat' dir='ltr'><strong>scribendum,</strong></span> <span class='ocrx_word' id='word_1_130' title='bbox 1040 2476 1089 2548; x_wconf 90' lang='lat' dir='ltr'><strong>sic</strong></span> <span class='ocrx_word' id='word_1_131' title='bbox 1110 2476 1162 2548; x_wconf 91' lang='lat' dir='ltr'><strong>illi</strong></span> <span class='ocrx_word' id='word_1_132' title='bbox 1185 2476 1381 2550; x_wconf 89' lang='lat' dir='ltr'><strong>adcausam</strong></span> <span class='ocrx_word' id='word_1_133' title='bbox 1394 2474 1490 2571; x_wconf 86' lang='lat' dir='ltr'><strong>expli·</strong></span> 
     </span>
    </p>

    <p class='ocr_par' dir='ltr' id='par_1_5' title="bbox 313 2580 1593 3338">
     <span class='ocr_line' id='line_1_19' title="bbox 313 2580 1490 2681; baseline 0.002 -29"><span class='ocrx_word' id='word_1_134' title='bbox 313 2607 354 2654; x_wconf 83' lang='lat' dir='ltr'><strong>rar</strong></span> <span class='ocrx_word' id='word_1_135' title='bbox 382 2585 530 2657; x_wconf 87' lang='lat' dir='ltr'><strong>caudam</strong></span> <span class='ocrx_word' id='word_1_136' title='bbox 554 2583 674 2656; x_wconf 88' lang='lat' dir='ltr'><strong>statim</strong></span> <span class='ocrx_word' id='word_1_137' title='bbox 699 2595 893 2656; x_wconf 90' lang='lat' dir='ltr'><strong>occurrant.</strong></span> <span class='ocrx_word' id='word_1_138' title='bbox 946 2585 1016 2657; x_wconf 86' lang='lat' dir='ltr'><strong>Sed</strong></span> <span class='ocrx_word' id='word_1_139' title='bbox 1036 2584 1073 2656; x_wconf 92' lang='lat' dir='ltr'><strong>hi</strong></span> <span class='ocrx_word' id='word_1_140' title='bbox 1098 2585 1164 2656; x_wconf 91' lang='lat' dir='ltr'><strong>loci</strong></span> <span class='ocrx_word' id='word_1_141' title='bbox 1190 2585 1221 2656; x_wconf 89' lang='lat' dir='ltr'><strong>ei</strong></span> <span class='ocrx_word' id='word_1_142' title='bbox 1247 2586 1389 2658; x_wconf 90' lang='lat' dir='ltr'><strong>demum</strong></span> <span class='ocrx_word' id='word_1_143' title='bbox 1415 2580 1490 2681; x_wconf 87' lang='lat' dir='ltr'><strong>[ora-</strong></span> 
     </span>
     <span class='ocr_line' id='line_1_20' title="bbox 381 2689 1593 2790; baseline -0.004 -22"><span class='ocrx_word' id='word_1_144' title='bbox 381 2689 466 2790; x_wconf 81' lang='lat' dir='ltr'><strong>tori]</strong></span> <span class='ocrx_word' id='word_1_145' title='bbox 503 2693 668 2790; x_wconf 88' lang='lat' dir='ltr'><strong>prodesse</strong></span> <span class='ocrx_word' id='word_1_146' title='bbox 703 2701 871 2790; x_wconf 89' lang='lat' dir='ltr'><strong>possunt,</strong></span> <span class='ocrx_word' id='word_1_147' title='bbox 905 2694 967 2790; x_wconf 92' lang='lat' dir='ltr'><strong>qui</strong></span> <span class='ocrx_word' id='word_1_148' title='bbox 1002 2702 1055 2767; x_wconf 88' lang='lat' dir='ltr'><strong>est</strong></span> <span class='ocrx_word' id='word_1_149' title='bbox 1079 2702 1235 2767; x_wconf 87' lang='lat' dir='ltr'><strong>versatus</strong></span> <span class='ocrx_word' id='word_1_150' title='bbox 1260 2695 1298 2767; x_wconf 90' lang='lat' dir='ltr'><strong>in</strong></span> <span class='ocrx_word' id='word_1_151' title='bbox 1324 2692 1427 2767; x_wconf 90' lang='lat' dir='ltr'><strong>rebus</strong></span> <span class='ocrx_word' id='word_1_152' title='bbox 1447 2691 1491 2764; x_wconf 85' lang='lat' dir='ltr'><strong>vel</strong></span> <span class='ocrx_word' id='word_1_153' title='bbox 1588 2704 1593 2733; x_wconf 80' lang='lat'>²</span> 
     </span>
     <span class='ocr_line' id='line_1_21' title="bbox 385 2802 1593 2899; baseline 0.002 -23"><span class='ocrx_word' id='word_1_154' title='bbox 385 2830 470 2890; x_wconf 90' lang='lat' dir='ltr'><strong>usu,</strong></span> <span class='ocrx_word' id='word_1_155' title='bbox 496 2828 602 2899; x_wconf 90' lang='lat' dir='ltr'><strong>quem</strong></span> <span class='ocrx_word' id='word_1_156' title='bbox 626 2812 721 2875; x_wconf 91' lang='lat' dir='ltr'><strong>aetas</strong></span> <span class='ocrx_word' id='word_1_157' title='bbox 744 2804 899 2899; x_wconf 86' lang='lat' dir='ltr'><strong>denique</strong></span> <span class='ocrx_word' id='word_1_158' title='bbox 923 2804 1043 2891; x_wconf 87' lang='lat' dir='ltr'><strong>affert,</strong></span> <span class='ocrx_word' id='word_1_159' title='bbox 1070 2804 1125 2875; x_wconf 89' lang='lat' dir='ltr'><strong>vel</strong></span> <span class='ocrx_word' id='word_1_160' title='bbox 1150 2805 1330 2877; x_wconf 89' lang='lat' dir='ltr'><strong>auditione</strong></span> <span class='ocrx_word' id='word_1_161' title='bbox 1354 2812 1389 2876; x_wconf 90' lang='lat' dir='ltr'><strong>et</strong></span> <span class='ocrx_word' id='word_1_162' title='bbox 1410 2802 1489 2899; x_wconf 90' lang='lat' dir='ltr'><strong>cogi·</strong></span> <span class='ocrx_word' id='word_1_163' title='bbox 1588 2845 1593 2879; x_wconf 69' lang='lat' dir='ltr'><em>z</em></span> 
     </span>
     <span class='ocr_line' id='line_1_22' title="bbox 381 2913 1593 3009; baseline -0.004 -22"><span class='ocrx_word' id='word_1_164' title='bbox 381 2914 532 2999; x_wconf 91' lang='lat' dir='ltr'><strong>tatione,</strong></span> <span class='ocrx_word' id='word_1_165' title='bbox 567 2936 657 3008; x_wconf 90' lang='lat' dir='ltr'><strong>quae</strong></span> <span class='ocrx_word' id='word_1_166' title='bbox 690 2913 807 2986; x_wconf 87' lang='lat' dir='ltr'><strong>studio</strong></span> <span class='ocrx_word' id='word_1_167' title='bbox 838 2922 871 2984; x_wconf 91' lang='lat' dir='ltr'><strong>et</strong></span> <span class='ocrx_word' id='word_1_168' title='bbox 903 2913 1088 3008; x_wconf 87' lang='lat' dir='ltr'><strong>diligentia</strong></span> <span class='ocrx_word' id='word_1_169' title='bbox 1119 2915 1311 3009; x_wconf 90' lang='lat' dir='ltr'><strong>praecurrit</strong></span> <span class='ocrx_word' id='word_1_170' title='bbox 1343 2921 1489 2986; x_wconf 86' lang='lat' dir='ltr'><strong>aetatem.</strong></span> <span class='ocrx_word' id='word_1_171' title='bbox 1539 2934 1544 2945; x_wconf 93' lang='lat'>·</span> <span class='ocrx_word' id='word_1_172' title='bbox 1592 2972 1593 3009; x_wconf 45' lang='lat'><strong>,</strong></span> 
     </span>
     <span class='ocr_line' id='line_1_23' title="bbox 382 3021 1593 3117; baseline -0.002 -23"><span class='ocrx_word' id='word_1_173' title='bbox 382 3024 477 3095; x_wconf 87' lang='lat' dir='ltr'><strong>Nam</strong></span> <span class='ocrx_word' id='word_1_174' title='bbox 502 3022 532 3093; x_wconf 90' lang='lat' dir='ltr'><strong>si</strong></span> <span class='ocrx_word' id='word_1_175' title='bbox 555 3029 598 3093; x_wconf 89' lang='lat' dir='ltr'><strong>tu</strong></span> <span class='ocrx_word' id='word_1_176' title='bbox 621 3021 709 3093; x_wconf 92' lang='lat' dir='ltr'><strong>mihi</strong></span> <span class='ocrx_word' id='word_1_177' title='bbox 732 3024 891 3117; x_wconf 91' lang='lat' dir='ltr'><strong>quamvis</strong></span> <span class='ocrx_word' id='word_1_178' title='bbox 916 3023 1093 3095; x_wconf 88' lang='lat' dir='ltr'><strong>cruditum</strong></span> <span class='ocrx_word' id='word_1_179' title='bbox 1107 3022 1286 3095; x_wconf 92' lang='lat' dir='ltr'><strong>hominem</strong></span> <span class='ocrx_word' id='word_1_180' title='bbox 1299 3021 1490 3106; x_wconf 85' lang='lat' dir='ltr'><strong>adduxeris,</strong></span> <span class='ocrx_word' id='word_1_181' title='bbox 1588 3022 1593 3061; x_wconf 75' lang='lat'><em>²</em></span> 
     </span>
     <span class='ocr_line' id='line_1_24' title="bbox 383 3128 1491 3227; baseline -0.002 -26"><span class='ocrx_word' id='word_1_182' title='bbox 383 3130 542 3227; x_wconf 91' lang='lat' dir='ltr'><strong>quamvis</strong></span> <span class='ocrx_word' id='word_1_183' title='bbox 577 3154 692 3203; x_wconf 89' lang='lat' dir='ltr'><strong>acrem</strong></span> <span class='ocrx_word' id='word_1_184' title='bbox 726 3140 762 3204; x_wconf 93' lang='lat' dir='ltr'><strong>et</strong></span> <span class='ocrx_word' id='word_1_185' title='bbox 795 3139 940 3205; x_wconf 91' lang='lat' dir='ltr'><strong>acutum</strong></span> <span class='ocrx_word' id='word_1_186' title='bbox 973 3132 1009 3204; x_wconf 93' lang='lat' dir='ltr'><strong>in</strong></span> <span class='ocrx_word' id='word_1_187' title='bbox 1048 3131 1253 3227; x_wconf 91' lang='lat' dir='ltr'><strong>cogitando,</strong></span> <span class='ocrx_word' id='word_1_188' title='bbox 1277 3133 1433 3227; x_wconf 90' lang='lat' dir='ltr'><strong>quamvis</strong></span> <span class='ocrx_word' id='word_1_189' title='bbox 1455 3128 1491 3201; x_wconf 92' lang='lat' dir='ltr'><strong>ad</strong></span> 
     </span>
     <span class='ocr_line' id='line_1_25' title="bbox 382 3240 1491 3338; baseline -0.003 -27"><span class='ocrx_word' id='word_1_190' title='bbox 382 3240 681 3336; x_wconf 89' lang='lat' dir='ltr'><strong>pmnnntiandum</strong></span> <span class='ocrx_word' id='word_1_191' title='bbox 705 3242 927 3338; x_wconf 85' lang='lat' dir='ltr'><strong>expeditum,</strong></span> <span class='ocrx_word' id='word_1_192' title='bbox 954 3243 984 3314; x_wconf 91' lang='lat' dir='ltr'><strong>si</strong></span> <span class='ocrx_word' id='word_1_193' title='bbox 1009 3242 1073 3314; x_wconf 88' lang='lat' dir='ltr'><strong>erit</strong></span> <span class='ocrx_word' id='word_1_194' title='bbox 1096 3242 1189 3314; x_wconf 93' lang='lat' dir='ltr'><strong>idem</strong></span> <span class='ocrx_word' id='word_1_195' title='bbox 1201 3242 1238 3313; x_wconf 95' lang='lat' dir='ltr'><strong>in</strong></span> <span class='ocrx_word' id='word_1_196' title='bbox 1251 3240 1491 3315; x_wconf 88' lang='lat' dir='ltr'><strong>consuetudine</strong></span> 
     </span>
    </p>
   </div>
   <div class='ocr_carea' id='block_1_3' title="bbox 380 3563 1529 4641">
    <p class='ocr_par' dir='ltr' id='par_1_6' title="bbox 380 3563 1529 4095">
     <span class='ocr_line' id='line_1_26' title="bbox 382 3563 1490 3628; baseline -0.005 -13"><span class='ocrx_word' id='word_1_197' title='bbox 382 3569 471 3616; x_wconf 76' lang='lat' dir='ltr'><strong>tinere.</strong></span> <span class='ocrx_word' id='word_1_198' title='bbox 505 3568 626 3628; x_wconf 79' lang='lat' dir='ltr'><strong>Apertum</strong></span> <span class='ocrx_word' id='word_1_199' title='bbox 650 3570 688 3614; x_wconf 89' lang='lat' dir='ltr'><strong>est</strong></span> <span class='ocrx_word' id='word_1_200' title='bbox 707 3564 751 3613; x_wconf 76' lang='lat' dir='ltr'><strong>tce</strong></span> <span class='ocrx_word' id='word_1_201' title='bbox 769 3578 847 3626; x_wconf 72' lang='lat' dir='ltr'><strong>cecus</strong></span> <span class='ocrx_word' id='word_1_202' title='bbox 866 3577 919 3613; x_wconf 88' lang='lat' dir='ltr'><strong>esse</strong></span> <span class='ocrx_word' id='word_1_203' title='bbox 967 3578 1027 3627; x_wconf 86' lang='lat' dir='ltr'><strong>pere</strong></span> <span class='ocrx_word' id='word_1_204' title='bbox 1047 3579 1128 3614; x_wconf 86' lang='lat' dir='ltr'><strong>meam</strong></span> <span class='ocrx_word' id='word_1_205' title='bbox 1148 3565 1341 3614; x_wconf 87' lang='lat' dir='ltr'><strong>correctionem:</strong></span> <span class='ocrx_word' id='word_1_206' title='bbox 1367 3563 1422 3612; x_wconf 86' lang='lat' dir='ltr'><strong>libri</strong></span> <span class='ocrx_word' id='word_1_207' title='bbox 1440 3576 1490 3611; x_wconf 90' lang='lat' dir='ltr'><strong>con·</strong></span> 
     </span>
     <span class='ocr_line' id='line_1_27' title="bbox 380 3640 1490 3706; baseline -0.005 -13"><span class='ocrx_word' id='word_1_208' title='bbox 380 3650 461 3693; x_wconf 84' lang='lat' dir='ltr'><strong>totnm</strong></span> <span class='ocrx_word' id='word_1_209' title='bbox 479 3645 556 3703; x_wconf 89' lang='lat' dir='ltr'><strong>illud,</strong></span> <span class='ocrx_word' id='word_1_210' title='bbox 575 3644 642 3706; x_wconf 85' lang='lat' dir='ltr'><strong>quod</strong></span> <span class='ocrx_word' id='word_1_211' title='bbox 655 3643 778 3693; x_wconf 79' lang='lat' dir='ltr'><strong>Antonius</strong></span> <span class='ocrx_word' id='word_1_212' title='bbox 791 3642 918 3705; x_wconf 76' lang='lat' dir='ltr'><strong>explicari·</strong></span> <span class='ocrx_word' id='word_1_213' title='bbox 967 3647 1061 3692; x_wconf 84' lang='lat' dir='ltr'><strong>stanter</strong></span> <span class='ocrx_word' id='word_1_214' title='bbox 1092 3644 1269 3701; x_wconf 66' lang='lat' dir='ltr'><strong>assentiamur,</strong></span> <span class='ocrx_word' id='word_1_215' title='bbox 1297 3644 1355 3693; x_wconf 87' lang='lat' dir='ltr'><strong>satis</strong></span> <span class='ocrx_word' id='word_1_216' title='bbox 1381 3640 1490 3704; x_wconf 83' lang='lat' dir='ltr'><strong>imperite.</strong></span> 
     </span>
     <span class='ocr_line' id='line_1_28' title="bbox 382 3718 1529 3784; baseline -0.005 -13"><span class='ocrx_word' id='word_1_217' title='bbox 382 3724 443 3772; x_wconf 89' lang='lat' dir='ltr'><strong>dum</strong></span> <span class='ocrx_word' id='word_1_218' title='bbox 468 3727 624 3784; x_wconf 85' lang='lat' dir='ltr'><strong>susceperat,</strong></span> <span class='ocrx_word' id='word_1_219' title='bbox 652 3723 713 3783; x_wconf 80' lang='lat' dir='ltr'><strong>qaid</strong></span> <span class='ocrx_word' id='word_1_220' title='bbox 735 3720 865 3769; x_wconf 74' lang='lat' dir='ltr'><strong>dicendam</strong></span> <span class='ocrx_word' id='word_1_221' title='bbox 884 3721 919 3768; x_wconf 82' lang='lat' dir='ltr'><strong>sit</strong></span> <span class='ocrx_word' id='word_1_222' title='bbox 968 3724 1029 3770; x_wconf 86' lang='lat' dir='ltr'><strong>Mox</strong></span> <span class='ocrx_word' id='word_1_223' title='bbox 1048 3724 1077 3769; x_wconf 79' lang='lat' dir='ltr'><strong>at</strong></span> <span class='ocrx_word' id='word_1_224' title='bbox 1095 3723 1263 3783; x_wconf 77' lang='lat' dir='ltr'><strong>relinquamus</strong></span> <span class='ocrx_word' id='word_1_225' title='bbox 1283 3726 1333 3781; x_wconf 87' lang='lat' dir='ltr'><strong>est,</strong></span> <span class='ocrx_word' id='word_1_226' title='bbox 1347 3722 1401 3769; x_wconf 85' lang='lat' dir='ltr'><strong>illas</strong></span> <span class='ocrx_word' id='word_1_227' title='bbox 1414 3718 1489 3769; x_wconf 84' lang='lat' dir='ltr'><strong>defen·</strong></span> <span class='ocrx_word' id='word_1_228' title='bbox 1524 3764 1529 3772; x_wconf 83' lang='lat'><strong>,</strong></span> 
     </span>
     <span class='ocr_line' id='line_1_29' title="bbox 382 3798 1311 3865; baseline -0.002 -16"><span class='ocrx_word' id='word_1_229' title='bbox 382 3800 409 3865; x_wconf 69' lang='grc' dir='ltr'><strong>(ξ</strong></span> <span class='ocrx_word' id='word_1_230' title='bbox 425 3804 485 3859; x_wconf 82' lang='lat'><strong>120,</strong></span> <span class='ocrx_word' id='word_1_231' title='bbox 500 3799 576 3864; x_wconf 70' lang='lat' dir='ltr'><strong>seq).</strong></span> <span class='ocrx_word' id='word_1_232' title='bbox 613 3798 663 3847; x_wconf 74' lang='lat' dir='ltr'><strong>rua</strong></span> <span class='ocrx_word' id='word_1_233' title='bbox 672 3813 749 3859; x_wconf 79' lang='lat' dir='ltr'><strong>pars,</strong></span> <span class='ocrx_word' id='word_1_234' title='bbox 764 3813 837 3859; x_wconf 87' lang='lat' dir='ltr'><strong>quam</strong></span> <span class='ocrx_word' id='word_1_235' title='bbox 851 3812 919 3847; x_wconf 86' lang='lat' dir='ltr'><strong>nnnc</strong></span> <span class='ocrx_word' id='word_1_236' title='bbox 967 3801 1048 3849; x_wconf 79' lang='lat' dir='ltr'><strong>aiones</strong></span> <span class='ocrx_word' id='word_1_237' title='bbox 1061 3800 1236 3861; x_wconf 86' lang='lat' dir='ltr'><strong>relinquendas</strong></span> <span class='ocrx_word' id='word_1_238' title='bbox 1250 3812 1311 3847; x_wconf 88' lang='lat' dir='ltr'><strong>esse.</strong></span> 
     </span>
     <span class='ocr_line' id='line_1_30' title="bbox 381 3875 1490 3940; baseline -0.006 -13"><span class='ocrx_word' id='word_1_239' title='bbox 381 3879 502 3940; x_wconf 84' lang='lat' dir='ltr'><strong>explicat,</strong></span> <span class='ocrx_word' id='word_1_240' title='bbox 520 3876 656 3927; x_wconf 84' lang='lat' dir='ltr'><strong>absolvitur</strong></span> <span class='ocrx_word' id='word_1_241' title='bbox 670 3882 683 3935; x_wconf 67' lang='grc' dir='ltr'><strong>ξ</strong></span> <span class='ocrx_word' id='word_1_242' title='bbox 699 3878 921 3939; x_wconf 79' lang='lat' dir='ltr'><strong>1813tumpergit</strong></span> <span class='ocrx_word' id='word_1_243' title='bbox 1001 3878 1136 3939; x_wconf 60' lang='lat' dir='ltr'><strong>deauratio</strong></span> <span class='ocrx_word' id='word_1_244' title='bbox 1155 3879 1266 3926; x_wconf 77' lang='lat' dir='ltr'><strong>ducitur.</strong></span> <span class='ocrx_word' id='word_1_245' title='bbox 1301 3878 1390 3937; x_wconf 86' lang='lat' dir='ltr'><strong>Modo,</strong></span> <span class='ocrx_word' id='word_1_246' title='bbox 1411 3875 1490 3935; x_wconf 67' lang='lat'><strong>5121,</strong></span> 
     </span>
     <span class='ocr_line' id='line_1_31' title="bbox 381 3952 1490 4017; baseline -0.006 -12"><span class='ocrx_word' id='word_1_247' title='bbox 381 3958 415 4005; x_wconf 89' lang='lat' dir='ltr'><strong>ad</strong></span> <span class='ocrx_word' id='word_1_248' title='bbox 434 3956 616 4004; x_wconf 63' lang='lat' dir='ltr'><strong>caricationem</strong></span> <span class='ocrx_word' id='word_1_249' title='bbox 634 3957 783 4013; x_wconf 68' lang='lat' dir='ltr'><strong>comatis,</strong></span> <span class='ocrx_word' id='word_1_250' title='bbox 804 3960 855 4015; x_wconf 65' lang='grc' dir='ltr'><strong>ετξ</strong></span> <span class='ocrx_word' id='word_1_251' title='bbox 872 3957 919 4004; x_wconf 85' lang='grc'><strong>185</strong></span> <span class='ocrx_word' id='word_1_252' title='bbox 967 3956 1063 4004; x_wconf 85' lang='lat' dir='ltr'><strong>dixerat</strong></span> <span class='ocrx_word' id='word_1_253' title='bbox 1080 3956 1166 4017; x_wconf 77' lang='lat' dir='ltr'><strong>quitata</strong></span> <span class='ocrx_word' id='word_1_254' title='bbox 1178 3969 1210 4001; x_wconf 83' lang='lat' dir='ltr'><strong>ec</strong></span> <span class='ocrx_word' id='word_1_255' title='bbox 1224 3957 1283 4003; x_wconf 75' lang='lat' dir='ltr'><strong>locta</strong></span> <span class='ocrx_word' id='word_1_256' title='bbox 1295 3952 1490 4003; x_wconf 75' lang='lat' dir='ltr'><strong>‹taccias-oratic.</strong></span> 
     </span>
     <span class='ocr_line' id='line_1_32' title="bbox 382 4026 1492 4095; baseline -0.006 -12"><span class='ocrx_word' id='word_1_257' title='bbox 382 4036 415 4083; x_wconf 87' lang='lat' dir='ltr'><strong>ad</strong></span> <span class='ocrx_word' id='word_1_258' title='bbox 428 4034 505 4083; x_wconf 77' lang='lat' dir='ltr'><strong>animi</strong></span> <span class='ocrx_word' id='word_1_259' title='bbox 513 4035 701 4094; x_wconf 77' lang='lat' dir='ltr'><strong>permotionem.</strong></span> <span class='ocrx_word' id='word_1_260' title='bbox 778 4026 783 4041; x_wconf 87' lang='grc'><strong>“</strong></span> <span class='ocrx_word' id='word_1_261' title='bbox 1003 4036 1059 4083; x_wconf 83' lang='grc'><strong>131.</strong></span> <span class='ocrx_word' id='word_1_262' title='bbox 1083 4036 1106 4082; x_wconf 81' lang='lat' dir='ltr'><strong>et</strong></span> <span class='ocrx_word' id='word_1_263' title='bbox 1130 4036 1226 4081; x_wconf 83' lang='lat' dir='ltr'><strong>demam</strong></span> <span class='ocrx_word' id='word_1_264' title='bbox 1247 4035 1368 4095; x_wconf 79' lang='lat' dir='ltr'><strong>[oratori]</strong></span> <span class='ocrx_word' id='word_1_265' title='bbox 1386 4032 1492 4094; x_wconf 82' lang='lat' dir='ltr'><strong>prodesse</strong></span> 
     </span>
    </p>

    <p class='ocr_par' dir='ltr' id='par_1_7' title="bbox 380 4110 1491 4565">
     <span class='ocr_line' id='line_1_33' title="bbox 418 4110 1490 4175; baseline -0.005 -14"><span class='ocrx_word' id='word_1_266' title='bbox 418 4115 514 4175; x_wconf 77' lang='lat' dir='ltr'><strong>[pauca</strong></span> <span class='ocrx_word' id='word_1_267' title='bbox 520 4112 584 4160; x_wconf 75' lang='lat' dir='ltr'><strong>enim</strong></span> <span class='ocrx_word' id='word_1_268' title='bbox 590 4113 673 4173; x_wconf 57' lang='lat' dir='ltr'><strong>aaut}</strong></span> <span class='ocrx_word' id='word_1_269' title='bbox 688 4112 830 4160; x_wconf 77' lang='lat' dir='ltr'><strong>Admodum</strong></span> <span class='ocrx_word' id='word_1_270' title='bbox 836 4110 919 4172; x_wconf 87' lang='lat' dir='ltr'><strong>inepte</strong></span> <span class='ocrx_word' id='word_1_271' title='bbox 963 4116 1081 4175; x_wconf 79' lang='lat' dir='ltr'><strong>possunt,</strong></span> <span class='ocrx_word' id='word_1_272' title='bbox 1096 4112 1138 4175; x_wconf 81' lang='lat' dir='ltr'><strong>qui</strong></span> <span class='ocrx_word' id='word_1_273' title='bbox 1151 4114 1188 4159; x_wconf 83' lang='lat' dir='ltr'><strong>est</strong></span> <span class='ocrx_word' id='word_1_274' title='bbox 1201 4115 1313 4160; x_wconf 59' lang='lat' dir='ltr'><strong>casaiae</strong></span> <span class='ocrx_word' id='word_1_275' title='bbox 1325 4140 1366 4159; x_wconf 91' lang='lat'><strong>-.</strong></span> <span class='ocrx_word' id='word_1_276' title='bbox 1379 4112 1490 4165; x_wconf 86' lang='lat' dir='ltr'><strong>Primum,</strong></span> 
     </span>
     <span class='ocr_line' id='line_1_34' title="bbox 382 4187 1491 4255; baseline -0.009 -13"><span class='ocrx_word' id='word_1_277' title='bbox 382 4198 408 4242; x_wconf 88' lang='lat' dir='ltr'><strong>et</strong></span> <span class='ocrx_word' id='word_1_278' title='bbox 421 4191 539 4255; x_wconf 79' lang='lat' dir='ltr'><strong>languide</strong></span> <span class='ocrx_word' id='word_1_279' title='bbox 552 4191 614 4239; x_wconf 87' lang='lat' dir='ltr'><strong>haee</strong></span> <span class='ocrx_word' id='word_1_280' title='bbox 625 4190 798 4239; x_wconf 83' lang='lat' dir='ltr'><strong>inferciuntur.</strong></span> <span class='ocrx_word' id='word_1_281' title='bbox 833 4189 920 4238; x_wconf 85' lang='lat' dir='ltr'><strong>Conti-</strong></span> <span class='ocrx_word' id='word_1_282' title='bbox 967 4192 1062 4241; x_wconf 79' lang='lat' dir='ltr'><strong>oratori</strong></span> <span class='ocrx_word' id='word_1_283' title='bbox 1075 4191 1251 4252; x_wconf 86' lang='lat' dir='ltr'><strong>interpolatum</strong></span> <span class='ocrx_word' id='word_1_284' title='bbox 1265 4195 1315 4239; x_wconf 88' lang='lat' dir='ltr'><strong>est:</strong></span> <span class='ocrx_word' id='word_1_285' title='bbox 1333 4196 1401 4247; x_wconf 86' lang='lat' dir='ltr'><strong>tum,</strong></span> <span class='ocrx_word' id='word_1_286' title='bbox 1414 4190 1438 4235; x_wconf 89' lang='lat' dir='ltr'><strong>in</strong></span> <span class='ocrx_word' id='word_1_287' title='bbox 1451 4187 1491 4233; x_wconf 86' lang='lat' dir='ltr'><strong>hae</strong></span> 
     </span>
     <span class='ocr_line' id='line_1_35' title="bbox 380 4266 1490 4331; baseline -0.008 -13"><span class='ocrx_word' id='word_1_288' title='bbox 380 4271 509 4319; x_wconf 81' lang='lat' dir='ltr'><strong>nuendum</strong></span> <span class='ocrx_word' id='word_1_289' title='bbox 516 4274 561 4327; x_wconf 89' lang='lat' dir='ltr'><strong>est,</strong></span> <span class='ocrx_word' id='word_1_290' title='bbox 564 4284 647 4331; x_wconf 76' lang='lat' dir='ltr'><strong>pauca</strong></span> <span class='ocrx_word' id='word_1_291' title='bbox 652 4270 920 4330; x_wconf 58' lang='lat' dir='ltr'><strong>decemmqaaeucu-</strong></span> <span class='ocrx_word' id='word_1_292' title='bbox 966 4270 1121 4319; x_wconf 85' lang='lat' dir='ltr'><strong>restrictione</strong></span> <span class='ocrx_word' id='word_1_293' title='bbox 1134 4268 1274 4329; x_wconf 84' lang='lat' dir='ltr'><strong>requiritur,</strong></span> <span class='ocrx_word' id='word_1_294' title='bbox 1288 4269 1331 4329; x_wconf 78' lang='lat' dir='ltr'><strong>qai</strong></span> <span class='ocrx_word' id='word_1_295' title='bbox 1342 4266 1490 4316; x_wconf 76' lang='lat' dir='ltr'><strong>eiicersctus.</strong></span> 
     </span>
     <span class='ocr_line' id='line_1_36' title="bbox 381 4343 1491 4409; baseline -0.006 -12"><span class='ocrx_word' id='word_1_296' title='bbox 381 4349 506 4397; x_wconf 61' lang='lat' dir='ltr'><strong>aidemari</strong></span> <span class='ocrx_word' id='word_1_297' title='bbox 524 4362 598 4405; x_wconf 88' lang='lat' dir='ltr'><strong>nam,</strong></span> <span class='ocrx_word' id='word_1_298' title='bbox 613 4347 656 4409; x_wconf 91' lang='lat' dir='ltr'><strong>qui</strong></span> <span class='ocrx_word' id='word_1_299' title='bbox 670 4346 848 4395; x_wconf 88' lang='lat' dir='ltr'><strong>Coniunctivus</strong></span> <span class='ocrx_word' id='word_1_300' title='bbox 862 4360 876 4393; x_wconf 90' lang='lat' dir='ltr'><strong>e</strong></span> <span class='ocrx_word' id='word_1_301' title='bbox 888 4346 919 4393; x_wconf 92' lang='lat' dir='ltr'><strong>li·</strong></span> <span class='ocrx_word' id='word_1_302' title='bbox 967 4350 1042 4405; x_wconf 90' lang='lat' dir='ltr'><strong>Mox,</strong></span> <span class='ocrx_word' id='word_1_303' title='bbox 1065 4362 1136 4409; x_wconf 79' lang='lat' dir='ltr'><strong>quem</strong></span> <span class='ocrx_word' id='word_1_304' title='bbox 1155 4349 1225 4393; x_wconf 82' lang='lat' dir='ltr'><strong>cetos</strong></span> <span class='ocrx_word' id='word_1_305' title='bbox 1245 4346 1349 4407; x_wconf 80' lang='lat' dir='ltr'><strong>denique</strong></span> <span class='ocrx_word' id='word_1_306' title='bbox 1368 4346 1440 4406; x_wconf 74' lang='lat' dir='ltr'><strong>qffert</strong></span> <span class='ocrx_word' id='word_1_307' title='bbox 1458 4343 1491 4389; x_wconf 91' lang='lat' dir='ltr'><strong>in·</strong></span> 
     </span>
     <span class='ocr_line' id='line_1_37' title="bbox 380 4423 1491 4487; baseline -0.006 -11"><span class='ocrx_word' id='word_1_308' title='bbox 380 4428 431 4476; x_wconf 87' lang='lat' dir='ltr'><strong>bris</strong></span> <span class='ocrx_word' id='word_1_309' title='bbox 445 4428 485 4475; x_wconf 88' lang='lat' dir='ltr'><strong>edi</strong></span> <span class='ocrx_word' id='word_1_310' title='bbox 499 4428 576 4483; x_wconf 87' lang='lat' dir='ltr'><strong>solet,</strong></span> <span class='ocrx_word' id='word_1_311' title='bbox 594 4427 733 4481; x_wconf 74' lang='lat' dir='ltr'><strong>videamur,</strong></span> <span class='ocrx_word' id='word_1_312' title='bbox 751 4424 918 4471; x_wconf 87' lang='lat' dir='ltr'><strong>commendari</strong></span> <span class='ocrx_word' id='word_1_313' title='bbox 967 4430 1135 4487; x_wconf 87' lang='lat' dir='ltr'><strong>opportunum</strong></span> <span class='ocrx_word' id='word_1_314' title='bbox 1161 4423 1236 4472; x_wconf 85' lang='lat' dir='ltr'><strong>habet</strong></span> <span class='ocrx_word' id='word_1_315' title='bbox 1260 4425 1379 4486; x_wconf 80' lang='lat' dir='ltr'><strong>denique,</strong></span> <span class='ocrx_word' id='word_1_316' title='bbox 1403 4426 1491 4471; x_wconf 87' lang='lat' dir='ltr'><strong>mutan·</strong></span> 
     </span>
     <span class='ocr_line' id='line_1_38' title="bbox 381 4502 1351 4565; baseline -0.004 -11"><span class='ocrx_word' id='word_1_317' title='bbox 381 4508 452 4554; x_wconf 88' lang='lat' dir='ltr'><strong>nulla</strong></span> <span class='ocrx_word' id='word_1_318' title='bbox 464 4506 528 4553; x_wconf 85' lang='lat' dir='ltr'><strong>iusta</strong></span> <span class='ocrx_word' id='word_1_319' title='bbox 541 4504 635 4552; x_wconf 85' lang='lat' dir='ltr'><strong>ratione</strong></span> <span class='ocrx_word' id='word_1_320' title='bbox 648 4506 739 4565; x_wconf 83' lang='lat' dir='ltr'><strong>potest.</strong></span> <span class='ocrx_word' id='word_1_321' title='bbox 966 4505 1042 4561; x_wconf 91' lang='lat' dir='ltr'><strong>dum,</strong></span> <span class='ocrx_word' id='word_1_322' title='bbox 1061 4508 1089 4551; x_wconf 92' lang='lat' dir='ltr'><strong>ut</strong></span> <span class='ocrx_word' id='word_1_323' title='bbox 1102 4503 1202 4564; x_wconf 88' lang='lat' dir='ltr'><strong>opinor,</strong></span> <span class='ocrx_word' id='word_1_324' title='bbox 1217 4502 1243 4550; x_wconf 89' lang='lat' dir='ltr'><strong>in</strong></span> <span class='ocrx_word' id='word_1_325' title='bbox 1257 4502 1351 4564; x_wconf 79' lang='lat' dir='ltr'><strong>cuique.</strong></span> 
     </span>
    </p>

    <p class='ocr_par' dir='ltr' id='par_1_8' title="bbox 417 4578 1491 4641">
     <span class='ocr_line' id='line_1_39' title="bbox 417 4578 1491 4641; baseline -0.007 -10"><span class='ocrx_word' id='word_1_326' title='bbox 417 4585 472 4631; x_wconf 81' lang='lat'>130.</span> <span class='ocrx_word' id='word_1_327' title='bbox 490 4584 647 4630; x_wconf 80' lang='lat' dir='ltr'><strong>aasentimar.</strong></span> <span class='ocrx_word' id='word_1_328' title='bbox 660 4584 716 4630; x_wconf 91' lang='lat' dir='ltr'><strong>Non</strong></span> <span class='ocrx_word' id='word_1_329' title='bbox 723 4579 835 4628; x_wconf 85' lang='lat' dir='ltr'><strong>dubitavi</strong></span> <span class='ocrx_word' id='word_1_330' title='bbox 842 4580 917 4628; x_wconf 89' lang='lat' dir='ltr'><strong>susci-</strong></span> <span class='ocrx_word' id='word_1_331' title='bbox 1000 4583 1165 4631; x_wconf 78' lang='lat' dir='ltr'><strong>voluntatibus</strong></span> <span class='ocrx_word' id='word_1_332' title='bbox 1184 4581 1280 4629; x_wconf 82' lang='lat' dir='ltr'><strong>aicium.</strong></span> <span class='ocrx_word' id='word_1_333' title='bbox 1317 4583 1371 4629; x_wconf 86' lang='lat' dir='ltr'><strong>Hoc</strong></span> <span class='ocrx_word' id='word_1_334' title='bbox 1389 4578 1491 4641; x_wconf 84' lang='lat' dir='ltr'><strong>plurale,</strong></span> 
     </span>
    </p>
   </div>
   <div class='ocr_carea' id='block_1_4' title="bbox 0 0 1626 5492">
    <p class='ocr_par' dir='ltr' id='par_1_9' title="bbox 0 0 1626 5492">
     <span class='ocr_line' id='line_1_40' title="bbox 0 0 1626 5492; baseline 0 0"><span class='ocrx_word' id='word_1_335' title='bbox 0 0 1626 5492; x_wconf 95' lang='lat' dir='ltr'><strong> </strong></span> 
     </span>
    </p>
   </div>
  </div>
 </body>
</html>
