3242 5500
453 551 570 604 aranu
596 547 735 603 rnruoa
761 535 780 616 §
805 535 862 606 98.
1035 543 1038 548 ’
1175 533 1223 603 43

97 723 196 798 omni
230 745 359 820 genere
396 724 560 812 dicendi,
605 723 779 799 subtiliter
815 725 1091 822 persequamini:
1129 725 1225 820 quod

97 834 240 930 quidem
271 835 301 906 si
331 834 440 907 erite
464 834 562 907 vobis
593 835 844 932 impetratum,
876 858 1041 930 magnam
1067 833 1223 922 habebo,

98 944 246 1030 Crasse,
279 944 360 1016 huic
390 943 582 1040 palaestrae
612 953 647 1018 et
676 946 876 1019 Tusculano
903 953 964 1018 tuo
989 944 1163 1040 gratiam,
1189 950 1225 1016 et

97 1055 203 1150 longe
231 1053 442 1127 Academiae
471 1054 524 1126 illi
550 1079 589 1127 ao
620 1053 735 1149 Lyceo
764 1064 868 1129 tuum
892 1053 957 1128 hoc
982 1054 1224 1128 suburbanum

98 1161 322 1260 gymnasium
346 1171 569 1260 anteponam.

146 1273 239 1346 Tum
262 1273 346 1360 ille,
372 1273 450 1346 Imo
474 1297 579 1360 vero,
605 1273 746 1370 inquit,
774 1273 933 1370 Sulpici,
958 1295 1124 1369 rogemus
1148 1270 1223 1344 An·
1251 1278 1297 1347 22

97 1383 259 1469 torrium,
287 1383 349 1478 qui
374 1391 408 1456 et
432 1392 548 1480 potest
572 1384 684 1458 facere
697 1383 758 1470 id,
785 1383 882 1480 quod
894 1383 1066 1479 requiris,
1094 1391 1223 1455 etoon-
1266 1392 1297 1438 ⁹⁹

99 1493 235 1579 suevit,
271 1500 312 1566 ut
345 1501 381 1565 te
416 1493 521 1567 audio
556 1493 681 1566 dicere.
734 1494 828 1565 Nam
862 1517 920 1565 me
948 1492 1091 1588 quidem
1115 1492 1226 1565 fateor

99 1627 280 1699 sempera
305 1623 433 1699 genere
466 1602 532 1676 hoo
566 1611 642 1678 toto
676 1604 845 1676 sermonis
880 1603 1074 1700 refugisse,
1101 1608 1135 1674 et
1158 1601 1225 1674 tibi

98 1713 254 1809 cupienti
272 1721 377 1808 atque
395 1714 543 1787 instanti
561 1713 762 1809 saepissime
780 1735 948 1809 negasse,
968 1719 1008 1784 ut
1025 1719 1101 1818 tute
1120 1711 1224 1807 paulo

98 1831 177 1895 ante
208 1822 329 1896 dixisti
344 1858 364 1898 ι,
387 1822 483 1919 quod
512 1847 578 1918 ego
607 1847 679 1895 non
711 1822 898 1919 superbia,
923 1797 1223 1918 nequeinhuma-

98 1933 208 2006 nitate
233 1932 425 2021 faciebam,
452 1957 567 2029 neque
591 1956 666 2038 quo
685 1941 748 2006 tuo
773 1932 890 2005 studio
914 1931 1106 2005 rectissimo
1119 1939 1225 2026 atque

99 2043 231 2138 optimo
255 2065 328 2116 non
352 2042 498 2139 obsequi
522 2043 666 2130 vellem,
693 2043 899 2138 praesertim
924 2064 1035 2138 qnnm
1060 2048 1094 2114 te
1112 2064 1225 2112 unum

100 2178 142 2225 ex
164 2152 331 2226 omnibus
355 2151 400 2226 ad
426 2153 614 2227 dicendum
639 2154 790 2226 maxime
814 2160 939 2256 natum
960 2159 1151 2250 aptumque
1167 2175 1223 2222 co-

100 2285 280 2358 gnossem;
308 2263 382 2349 sed,
407 2263 617 2351 mehercule,
640 2263 742 2337 istius
755 2262 1005 2359 disputationis
1016 2261 1223 2347 insolentia,

100 2380 204 2467 atque
241 2395 361 2446 aarum
397 2395 535 2459 rerum,
574 2395 664 2468 qnae
700 2373 800 2469 quasi
837 2373 874 2445 in
911 2379 985 2444 arte
1020 2371 1224 2456 traduntur,

100 2482 294 2556 inscientia.
323 2482 414 2555 Tum
439 2483 559 2570 Cotta,
587 2483 765 2560 Quoniam
790 2481 845 2568 id,
870 2481 965 2578 quod
980 2480 1226 2553 difficillimum
1252 2498 1298 2544 10⁰

101 2591 201 2664 nobis
232 2590 436 2679 videbatur,
464 2601 504 2665 ut
527 2593 672 2666 omnino
696 2592 739 2665 de
764 2591 820 2665 his
844 2591 972 2679 rebus,
1000 2590 1148 2676 Crasse,
1175 2589 1225 2661 lo·

102 2725 268 2798 querere,
300 2701 448 2777 assecuti
479 2727 624 2791 sumus,
656 2703 700 2776 de
729 2702 864 2799 reliquo
887 2702 958 2774 iam
982 2709 1100 2775 nostra
1124 2699 1226 2796 culpa

102 2812 229 2900 luerit,
267 2812 296 2885 si
331 2822 383 2901 te,
420 2812 489 2887 nisi
522 2813 658 2900 omnia,
695 2836 785 2909 quae
818 2812 1036 2907 percunctati
1071 2812 1224 2898 erimus,

104 2922 309 3018 explicans,
336 2922 584 2997 dimiserimus.
635 2923 691 2995 De
715 2922 781 3010 iis,
808 2922 931 3009 credo,
957 2920 1294 3016 rebus,inquit101
1411 2964 1422 3014 s

105 3032 275 3119 Crassus,
310 3040 349 3105 ut
381 3034 419 3106 in
444 3032 657 3135 cretionibus
684 3032 788 3107 scribi
814 3033 922 3120 solet,
950 3055 1087 3106 oureus
1110 3053 1224 3103 aaran
1298 3023 1369 3133 essa
1392 3029 1433 3091 fl·

106 3164 339 3217 rornnoonn.
391 3128 595 3230 Tmnille,
627 3143 721 3215 Nam
755 3143 851 3239 quod
887 3150 928 3215 tn
961 3165 1033 3213 nou
1070 3141 1224 3237 poteris,
1247 3098 1535 3252 prier,·spef'¹‘l·

104 3258 161 3325 aut
197 3250 357 3340 nescies,
402 3254 481 3350 quis
519 3260 679 3327 nostrum
715 3260 789 3326 tarn
825 3251 1013 3349 impudens
1050 3258 1126 3338 est,
1165 3250 1226 3347 qui
1278 3232 1390 3337 (laza.
1406 3217 1507 3354 (w

106 3386 140 3433 se
173 3363 286 3458 scire,
321 3371 384 3435 ant
417 3388 520 3460 posse
543 3362 728 3459 postulet?
778 3362 855 3435 Iam
879 3386 959 3434 vero
984 3360 1051 3435 ista
1076 3359 1224 3435 conditi·
1280 3395 1300 3444 ις
1334 3359 1465 3437 ι”ι.’.’,.’.’·
1518 3367 1539 3419 ·.

105 3494 191 3557 one,
218 3471 306 3544 dum
330 3472 418 3545 mihi
443 3474 544 3546 liceat
568 3494 697 3569 negare
721 3496 846 3569 posse,
873 3470 969 3568 quod
993 3492 1064 3542 nou
1087 3478 1225 3565 potero,
1290 3542 1294 3545 ,
1473 3498 1540 3519 ·

106 3588 138 3652 et
161 3581 263 3655 fateri
288 3582 445 3670 nescire,
473 3582 568 3679 quod
592 3582 769 3668 nesciam,
796 3580 901 3666 lieet,
927 3578 1225 3675 inquitCrassus,
1280 3597 1285 3637 f
1327 3573 1423 3642 ι··”’
1463 3637 1473 3661 ,

105 3860 274 3922 postulabatur
299 3866 401 3924 propter
427 3876 479 3923 seq.
506 3876 581 3924 quas:
607 3860 640 3911 cf.
691 3858 1227 3921 tra,praea1iorumimaua,·omninoenim
1289 3830 1358 3920 ''22''

107 3944 119 3997 t
133 3941 173 3988 99.
689 3953 715 3988 se
729 3940 825 3988 mariae
837 3953 878 3987 eas
888 3952 929 3986 res
941 3939 1042 3987 Crassus
1048 3939 1226 3987 affirmareuon

137 4018 175 4066 99.
193 4019 337 4079 mepiaeim
356 4032 464 4081 myrrae.
506 4018 640 4081 Superlati-
688 4020 800 4080 poterat,
820 4019 865 4066 sed
885 4017 980 4065 meare
998 4030 1040 4065 eas
1053 4016 1122 4077 quasi
1134 4016 1160 4064 in
1174 4022 1227 4067 arte

106 4110 161 4143 run
178 4094 300 4145 adverbii
313 4111 369 4146 meo
383 4096 569 4146 sensuminime
583 4097 641 4145 huic
690 4096 799 4145 tradere.
828 4097 975 4158 Propterea,
989 4093 1085 4144 abieoto
1099 4108 1175 4159 quae,
1188 4098 1227 4145 le·

107 4173 157 4222 loco
171 4174 304 4232 convenit,
322 4176 348 4223 in
362 4190 410 4238 qua
423 4191 450 4226 re
464 4190 538 4238 saepe
551 4189 640 4238 peeca-
689 4176 798 4239 gendum
812 4188 902 4223 censeo
918 4189 1004 4222 earam
1020 4189 1105 4223 reram
1116 4175 1187 4236 quaet
1200 4175 1228 4222 ia

106 4254 155 4301 tum
168 4266 222 4303 asse
236 4254 377 4303 notavimus
390 4253 457 4302 alibi.
478 4257 641 4316 Fortasaeper
689 4256 745 4303 arte
772 4254 949 4301 tradendorum
972 4254 1118 4310 immin,
1138 4250 1227 4313 quibus

108 4344 212 4381 errorem
226 4338 309 4382 ortum
316 4337 354 4382 est
361 4346 391 4381 ex
398 4346 436 4391 eo,
451 4333 641 4396 quodscn'ptum
688 4331 771 4382 verbis
782 4332 958 4393 interpretatur
969 4332 1039 4381 illam
1050 4333 1104 4380 eim
1114 4332 1226 4392 diputa-

107 4407 189 4470 luent,
203 4426 275 4473 saepe
289 4412 388 4460 memtar'
401 4426 508 4476 napaeas.
691 4412 942 4460 cavaniacensem.
977 4411 1045 4471 Quid
1054 4410 1151 4459 intersit
1162 4409 1227 4459 inter

138 4504 223 4539 mm
244 4504 343 4549 rerum,
369 4504 430 4552 qaae
450 4492 521 4553 quari
540 4492 567 4539 ia
586 4492 643 4539 crte
690 4491 846 4540 imricatiam
865 4494 891 4538 et
905 4491 1046 4548 inerim,
1064 4487 1128 4538 bene
1141 4489 1228 4539 definit

109 4569 256 4628 tradantur,
270 4570 410 4619 laedentia.
428 4569 640 4620 Servaviiuariea·
690 4569 831 4633 Madvigius
843 4568 876 4617 ad
889 4568 944 4617 Fin.
956 4569 977 4616 1.
992 4572 1005 4627 5
1018 4569 1060 4616 lo.
