3242 5500
366 535 437 604 220
678 553 792 602 urana
818 553 1020 603 snounnus.
1048 533 1066 614 §
1093 531 1174 602 238.

365 725 667 811 calamitosorum,
698 749 814 822 neque
843 749 984 812 eorum,
1016 726 1079 820 qui
1107 725 1154 796 ob
1179 725 1315 798 facinus
1340 726 1387 797 ad
1412 751 1489 822 sup·

367 835 513 932 plicium
536 833 695 931 rapiendi
717 834 897 920 videntur;
925 858 1035 930 eaque
1056 833 1148 907 bella
1173 834 1305 929 agitata
1321 835 1488 908 ridentur.

293 973 340 1018 aaa
366 946 430 1018 list
461 944 567 1016 etiam
596 942 829 1016 deformitatis
858 951 892 1016 et
923 943 1077 1040 corporis
1105 943 1272 1016 vitiorum
1294 945 1380 1016 satis
1405 944 1492 1018 bella

368 1053 531 1127 materies
554 1052 600 1124 ad
622 1053 820 1126 iocandum.
874 1053 944 1124 Sed
969 1053 1171 1148 quaerimus
1194 1052 1310 1139 idem,
1341 1054 1439 1150 quod
1458 1055 1491 1126 in

368 1161 493 1236 ceteris
526 1160 633 1234 rebus
666 1163 818 1236 maxime
850 1162 1092 1269 quaerendum
1115 1170 1186 1247 est,
1213 1171 1401 1257 quatenus.
1452 1164 1491 1234 ln

369 1296 440 1368 quo
463 1296 535 1344 non
558 1271 648 1344 illud
671 1271 904 1368 praecipitur,
931 1296 976 1344 ne
999 1271 1087 1367 quid
1104 1271 1257 1358 insulse,
1284 1272 1348 1344 sed
1369 1273 1491 1358 etiam,

370 1383 400 1454 si
433 1381 642 1478 perridicule
677 1381 813 1476 possis,
846 1381 1031 1455 vitandum
1056 1388 1109 1454 est
1131 1381 1260 1454 oratori
1285 1390 1492 1478 utrumque,

370 1516 415 1564 ne
448 1500 511 1564 aut
546 1490 701 1563 scurrilis
735 1490 834 1564 iocus
871 1491 937 1577 sit,
973 1499 1034 1564 aut
1061 1491 1243 1596 mimicus:
1267 1516 1359 1586 quae
1381 1493 1491 1564 cuius·
1600 1519 1601 1546 ι

370 1600 467 1672 modi
502 1599 594 1686 sint,
631 1599 769 1673 facilius
801 1601 874 1674 iam
908 1600 1168 1697 intelligemus,
1203 1625 1316 1696 quum
1347 1601 1394 1673 ad
1422 1603 1492 1697 ipsa

370 1709 598 1782 ridiculorum
621 1733 751 1805 genera
774 1709 983 1782 venerimus.

419 1818 502 1890 Duo
518 1827 600 1891 sunt
617 1819 712 1892 enim
728 1843 858 1915 genera
873 1820 1095 1904 facetiarmn,
1121 1842 1272 1914 quorum
1290 1819 1439 1892 alterum
1459 1843 1492 1890 re

300 1952 348 1997 240
373 1937 558 2013 tractatur,
579 1929 729 2001 alterum
749 1929 856 2002 dict0.
905 1929 975 2015 Re,
998 1929 1028 2001 si
1051 1929 1192 2024 quando
1214 1929 1302 2025 quid
1319 1938 1491 2026 tamquam

374 2039 492 2135 aliqua
519 2036 647 2110 fabella
675 2048 851 2111 narratur:
886 2047 927 2111 ut
955 2038 1040 2110 olim
1069 2046 1127 2124 tu,
1162 2038 1303 2124 Crasse,
1330 2039 1369 2110 in
1388 2038 1490 2110 Mem·

373 2148 500 2233 mium,
526 2147 708 2221 cmaediaae
728 2172 806 2220 eum
829 2147 994 2221 luculum
1014 2145 1143 2244 Lurpi,
1171 2171 1282 2244 quum
1305 2155 1397 2220 esset
1418 2171 1489 2219 cnm

374 2282 416 2328 eo
442 2256 648 2328 Tarracinae
676 2256 720 2330 de
741 2257 893 2332 amicrda
914 2257 1063 2330 rixatur:
1091 2257 1197 2342 salsa,
1222 2281 1263 2330 ac
1284 2265 1402 2330 tamen
1422 2281 1441 2328 a
1459 2263 1488 2328 te

376 2368 454 2461 ipso
478 2367 560 2440 fietu
581 2367 744 2440 narratio.
788 2367 972 2440 Addidisti
993 2366 1202 2460 clausulam,
1226 2375 1300 2438 tota
1318 2365 1487 2439 Tarracina

376 2485 454 2548 tum
475 2475 640 2548 omnibus
663 2477 701 2548 in
725 2476 917 2572 parietibus
935 2476 1121 2572 inscriptas
1137 2476 1247 2548 fuisse
1263 2476 1380 2548 literas
1395 2473 1484 2558 LLL,

377 2585 479 2658 MM:
530 2609 642 2682 quum
682 2609 887 2681 quaereres,
934 2586 973 2660 id
1006 2585 1092 2682 quid
1129 2594 1241 2672 esset,
1280 2609 1398 2658 senem
1432 2581 1486 2655 tibi

378 2695 566 2793 quemdam
599 2696 818 2793 oppidanum
853 2695 1003 2783 dixisse,
1038 2696 1166 2769 ιιιιιιιι
1196 2695 1362 2770 mertum
1390 2689 1486 2789 [erpi

305 2833 351 2877 aar
377 2807 524 2881 raudus
554 2806 755 2881 Memmius.
816 2806 1043 2904 Perspicitis,
1080 2804 1146 2878 hoc
1180 2829 1294 2901 genus
1331 2801 1485 2901 quamsit

379 2918 552 3004 facetum,
578 2942 685 3013 quam
709 2917 872 3012 elegans,
898 2940 1004 3012 quam
1033 2916 1242 3001 oratorium,
1269 2915 1341 2987 sive
1358 2913 1483 2993 habeas,

307 3120 310 3128 Ι
379 3052 459 3101 vere
484 3028 582 3124 quod
608 3050 747 3099 narrare
776 3025 910 3149 possis,
942 3024 1038 3121 quod
1059 3031 1176 3097 tamen
1202 3032 1256 3099 est
1277 3022 1483 3097 mendaciun-

380 3138 468 3211 culis
492 3137 767 3259 aspergendum,
794 3136 866 3209 sive
891 3136 1016 3231 fingas
1061 3134 1211 3207 asta
1150 3142 1211 3207 aut
1212 3159 1267 3207 em
1294 3134 1377 3205 haec
1397 3128 1484 3205 huius

381 3247 519 3343 generis
543 3247 674 3332 virtus,
700 3253 741 3319 ιι
725 3244 891 3319 titalac
893 3244 1114 3317 tademonst
1100 3252 1242 3332 tres‚u
1217 3251 1393 3315 utmores
1408 3239 1483 3321 eius,

378 3359 425 3430 de
459 3382 530 3452 quo
566 3381 704 3441 narres,
730 3361 770 3427 ut
795 3378 929 3439 serm0,
956 3361 996 3425 ut
981 3354 1095 3425 ttvul
1080 3362 1139 3425 tus
1162 3378 1284 3425 omnes
1310 3350 1484 3447 expriman·

381 3479 459 3554 tur,
492 3476 532 3539 ιι
561 3468 625 3551 iis,
664 3465 726 3561 qui
750 3457 921 3550 audiunt,
946 3473 1023 3535 tum
1047 3463 1122 3558 geri
1146 3462 1207 3535 illa
1240 3462 1385 3557 fierique
1405 3456 1482 3530 vida·

310 3616 358 3661 ιιι
382 3588 497 3652 antur.
550 3577 593 3648 In
630 3600 668 3647 re
704 3582 758 3647 est
791 3575 878 3647 item
913 3572 1123 3658 ridiculum,
1162 3571 1258 3668 quod
1290 3596 1332 3643 ex
1356 3566 1485 3666 quadam

417 3894 647 3955 memilianum.
682 3891 837 3940 servandum
857 3889 919 3947 hoc,
970 3888 1057 3936 lendtii
1082 3886 1329 3949 interpretationem,
1357 3883 1420 3947 quasi
1437 3884 1489 3929 esset

383 3978 469 4035 utpote
483 3986 533 4020 non
545 3970 577 4019 ab
587 3971 764 4032 interpolatore
771 3968 920 4031 protectum.
970 3981 1015 4027 pro
1029 3966 1040 4010 ι
1056 3966 1213 4025 ἀκουσόμενος.
1248 3964 1371 4013 Universa
1384 3962 1403 4011 ri
1412 3957 1488 4008 intelli·

417 4054 475 4099 242.
491 4052 586 4098 aenium
599 4050 650 4107 eat,
665 4062 739 4110 quum
751 4047 834 4095 audio.
859 4048 923 4096 Sunt
970 4046 1080 4110 gendum
1100 4049 1152 4104 est,
1177 4058 1208 4092 ex
1228 4043 1351 4093 constanti
1370 4055 1413 4089 usu
1428 4049 1488 4086 revo-

384 4131 446 4179 haec
464 4129 602 4179 necessario
615 4128 691 4189 ipsius
705 4126 816 4176 Caesaris
829 4124 921 4184 verba,
970 4124 1078 4172 candum
1090 4124 1121 4171 ut
1134 4124 1156 4169 ir
1164 4123 1229 4185 ,qui
1242 4121 1329 4179 audit,
1346 4120 1405 4169 ιιειι
1418 4115 1488 4177 5211.

385 4225 434 4258 non
448 4213 545 4271 poetae.
563 4207 612 4256 Sed
620 4206 793 4269 corrigendum
801 4218 921 4265 suspicor
999 4202 1171 4262 praeetet-
1189 4202 1305 4249 ualerem
1324 4212 1402 4247 auuaa
1431 4196 1489 4245 lna,
1522 4240 1529 4247 ,

383 4290 538 4342 arciuusest,
553 4284 745 4349 quoquedeest.
760 4298 783 4333 e.
806 4282 923 4331 Roscium
966 4282 1089 4342 pudorem
1107 4294 1187 4328 mum.
1223 4280 1288 4328 Sane
1305 4274 1489 4337 ruburpudorm

386 4367 448 4415 haec
474 4370 588 4429 agentem
615 4363 733 4419 audiam,
754 4362 842 4410 videor
862 4360 922 4409 mihi
972 4360 1141 4419 consequitur,
1156 4363 1184 4407 ιιι
1196 4363 1234 4407 ιιι
1246 4358 1321 4405 Ture
1334 4357 1377 4404 IV.
1385 4354 1443 4412 §1⁹³
1455 4346 1489 4397 sed

385 4445 496 4502 aenium,
511 4459 560 4505 quo
574 4441 702 4491 contectus
716 4444 792 4497 esset,
806 4439 901 4487 audire.
971 4444 1054 4487 tamen
1068 4452 1141 4485 nemo
1154 4426 1488 4497 mturmpraeaarepotatt

418 4525 496 4579 ιιιι,
510 4538 552 4583 qua
547 4522 660 4569 audiet.
678 4520 718 4569 Sic
731 4518 921 4567 novissimiildi·
1006 4530 1090 4564 rerum
1109 4515 1266 4577 turpitudine
1286 4514 1311 4560 et
1330 4503 1487 4559 wamel
1511 4574 1513 4585 1

386 4609 452 4651 tores
472 4600 598 4649 exhibent.
633 4600 681 4649 Sed
698 4613 749 4647 non
762 4596 864 4646 admitto
879 4598 922 4645 lll-
972 4596 1115 4644 eremitate.
1149 4592 1250 4655 Suscepi
1268 4590 1488 4653 transpositionem
