3242 5500
375 532 443 601 130
705 552 819 601 nrsne
845 552 1035 602 11111111
1062 536 1080 615 §
1107 535 1165 603 25.
1235 580 1239 587 -

368 723 497 796 nostris
521 724 664 810 studiis,
686 725 795 797 nolim
818 725 983 821 equidem
1003 726 1099 821 apud
1118 726 1284 812 rusticos,
1308 726 1370 799 sed
1383 728 1497 800 multo

369 832 487 905 minus
520 834 616 930 apud
648 858 726 907 vos:
763 833 857 907 malo
890 835 984 907 enim
1018 860 1089 907 non
1119 835 1273 932 intelligi
1301 837 1497 909 orationem

371 939 506 1029 meam,
533 967 639 1038 quam
663 943 883 1041 reprehendi.

236 1006 250 1124 l
325 1048 345 1119 7
422 1052 512 1163 'Punq
546 1052 692 1141 Caesar,
727 1053 923 1149 Equidem,
957 1054 1093 1149 inquit,
1128 1054 1273 1141 Catule,
1306 1054 1378 1146 iam
1408 1055 1497 1128 mibi

165 1195 198 1243 ῃ.
245 1237 248 1247 ,
316 1177 346 1223 26
371 1161 495 1234 videor·
522 1186 666 1235 navasse
698 1186 860 1259 operam,
891 1162 987 1258 quod
1009 1163 1078 1235 huc
1102 1164 1275 1237 venerim:
1302 1188 1386 1236 narn
1410 1164 1497 1237 haec

371 1271 448 1367 ipsa
483 1272 655 1345 recusatio
685 1272 936 1368 disputationis
971 1272 1165 1368 disputatio
1199 1273 1373 1368 quaedam
1408 1275 1495 1361 fuit,

10 1441 67 1495 'm
87 1382 218 1477 ,affl
370 1381 459 1453 mihi
492 1381 636 1477 quidem
668 1381 896 1478 periucunda.
946 1380 1018 1453 Sed
1050 1405 1113 1454 our
1141 1382 1356 1477 impedimus
1382 1386 1495 1455 Anto-

17 1531 74 1551 -κ
137 1480 196 1505 s
370 1490 490 1576 nium,
504 1538 506 1542 -
521 1492 621 1563 ouius
646 1491 752 1563 audio
777 1515 853 1563 esse
878 1498 1014 1585 partes,
1044 1486 1101 1586 [ut
1126 1491 1171 1563 de
1194 1500 1267 1564 tota
1293 1492 1496 1587 eloquentia

370 1594 552 1694 disserat,]
586 1624 761 1696 quemque
786 1600 995 1672 iamdudum
1021 1601 1145 1686 Cotta,
1172 1586 1409 1697 et'Sulpioius
1435 1628 1495 1675 ex·

313 1729 344 1780 11
370 1709 528 1804 spectat?
560 1708 637 1805 Ego
670 1733 770 1795 vero,
804 1710 921 1805 inquit
954 1709 1121 1796 Crassus,
1155 1734 1270 1805 neque
1294 1711 1496 1785 Antonium

368 1818 514 1891 verbum
548 1819 660 1891 facere
692 1819 825 1916 patiar,
856 1820 992 1914 etipse
1016 1817 1274 1905 obmutescam,
1300 1820 1371 1893 nisi
1394 1823 1496 1919 prius

367 1926 511 2001 avobis
536 1928 735 2025 impetrare.
789 1927 997 2004 Quidnam?
1022 1929 1138 2025 inquit
1163 1929 1321 2003 Catulus.
1361 1928 1412 2003 Ut
1437 1931 1496 2003 hic

368 2036 443 2108 sitis
476 2036 592 2111 hodie.
644 2037 755 2124 Tum,
787 2062 898 2133 quum
923 2037 983 2109 ille
1008 2036 1206 2125 dubitaret,
1233 2038 1328 2134 quod
1353 2040 1400 2111 ad
1423 2042 1495 2113 fra·

367 2153 456 2219 trem
490 2146 716 2243 promiserat,
750 2147 848 2242 Ego,
875 2147 991 2243 inquit
1016 2147 1150 2234 Iulius,
1177 2173 1241 2244 pro
1265 2141 1415 2245 utroque
1441 2175 1496 2223 re-

366 2242 540 2352 spondeo:
576 2258 625 2331 sic
650 2257 838 2331 faciemus:
873 2265 981 2353 atque
1006 2257 1074 2329 ista
1100 2257 1243 2353 quidem
1268 2258 1494 2346 conditione,

235 2454 237 2457 Ι
310 2378 341 2425 28
366 2366 482 2439 velut
503 2366 649 2439 verbum
669 2366 808 2439 nullum
828 2366 979 2453 faceres,
1003 2391 1060 2438 me
1080 2375 1228 2440 teneres.
1256 2367 1328 2440 Hic
1342 2368 1496 2441 Catulus

365 2462 499 2563 arrisit3
522 2485 557 2549 et
570 2476 693 2561 simul,
707 2475 880 2561 Praeoisa,
902 2475 1031 2572 inquit,
1054 2476 1140 2548 mihi
1159 2477 1301 2572 quidem
1314 2477 1496 2549 dubitatio

366 2586 629 2683 est,-quoniam
642 2609 757 2680 neque
770 2585 866 2699 dqmi
878 2585 1103 2692 imperaram,
1130 2585 1252 2672 ethic,
1275 2587 1369 2684 apud
1382 2612 1496 2682 quem

363 2718 460 2768 eram
481 2696 641 2783 futurus,
668 2695 744 2768 sine
768 2718 847 2768 mea
868 2692 1043 2767 sententia
1066 2703 1140 2769 tam
1164 2695 1264 2769 facile
1284 2697 1462 2793 promisit.

413 2805 503 2877 Tum
539 2829 661 2878 omnes
696 2805 816 2876 oculos
859 2805 896 2875 in
930 2804 1128 2877 Antonium
1167 2806 1408 2892 coniecerunt;
1458 2818 1496 2880 et

396 3177 438 3223 26.
458 3175 500 3236 [ut
513 3173 543 3221 de
557 3176 610 3222 tota
623 3176 899 3236 eloquentiaduserat}
947 3178 1005 3222 ante
1024 3187 1217 3234 proposueram,
1245 3173 1290 3222 sed
1311 3173 1494 3237 corrigendum

363 3253 518 3312 Ridiculum,
540 3251 656 3313 quoniam
676 3255 746 3301 nulla
765 3254 844 3302 virtus
856 3257 900 3302 aut
948 3265 1052 3309 censeo,
1067 3267 1105 3300 me
1119 3254 1196 3299 11111.

362 3332 467 3384 facultas
486 3332 528 3380 rel
550 3333 603 3380 tota
623 3331 726 3396 cogitari
739 3337 836 3394 potest,
857 3332 898 3380 vel
981 3331 1022 3378 28.
1046 3330 1132 3377 audite
1155 3343 1219 3377 vero.
1260 3330 1334 3388 Quod
1353 3329 1380 3379 h.
1400 3332 1419 3379 l.
1443 3347 1494 3394 per

361 3411 387 3458 in
407 3415 489 3472 partes
508 3407 596 3467 tribui,
618 3410 662 3458 sed
675 3415 757 3471 potest
770 3425 808 3459 ars
823 3425 899 3473 quae·
945 3406 1050 3455 ironiam
1070 3407 1172 3464 dicitur,
1193 3407 1257 3456 serio
1272 3408 1383 3470 loquitur
1396 3409 1494 3461 Orator

362 3489 434 3547 dam,
447 3493 472 3537 et
483 3487 621 3550 disciplina.
639 3489 719 3550 Igitur
726 3501 817 3550 supra,
830 3493 842 3547 ξ
853 3491 895 3546 13,
945 3485 972 3533 in
985 3488 1085 3534 Muren.
1100 3490 1112 3544 ξ
1129 3486 1168 3536 78.

360 3573 442 3625 recte,
458 3567 632 3628 decoquentur
640 3568 775 3614 disserere:
788 3573 851 3625 tum,
859 3567 897 3614 di·
979 3579 1028 3613 111
1040 3567 1182 3612 corcelum.
1213 3564 1324 3612 Praetuli
1336 3565 1405 3614 hunc
1417 3569 1493 3617 ordi·

359 3661 431 3694 versa
444 3650 501 3694 sunt
514 3644 589 3702 haec,
610 3649 622 3703 §
637 3645 681 3701 29,
699 3645 743 3693 lior
757 3647 836 3693 totum
848 3645 898 3692 rive
945 3658 1003 3692 nem
1016 3657 1077 3705 prae
1089 3644 1207 3704 vulgato,
1221 3657 1269 3690 non
1281 3645 1360 3690 rehem
1373 3659 1425 3694 111.

359 3725 509 3787 artificium,
537 3724 586 3772 1111
608 3723 718 3770 studium
738 3723 850 3781 dicendi,
872 3728 898 3771 et
979 3722 1072 3769 29.red
1077 3723 1167 3778 tamen,
1176 3722 1436 3784 quemammodum,
1443 3752 1492 3774 -.

360 3805 432 3861 539,
448 3803 491 3850 111
506 3802 583 3849 totum
595 3801 687 3848 diserte
694 3802 787 3858 dicere,
801 3801 828 3847 in
842 3800 896 3861 qui·
944 3799 1054 3859 Praetuli
1072 3799 1121 3847 hoc
1141 3801 1271 3862 vrrlgotnm
1283 3814 1344 3861 prae
1358 3815 1402 3858 eo,
1417 3805 1493 3862 quod

358 3879 405 3929 bus
418 3882 462 3930 111
476 3883 554 3928 totum
567 3879 702 3942 significat,
726 3878 894 3939 quicquidsit.
944 3884 1000 3940 post
1019 3878 1166 3936 ediderunt,
1191 3879 1237 3925 ced
1255 3879 1314 3943 quia
1333 3881 1417 3926 tamen
1434 3906 1491 3942 -,

359 3960 452 4023 Igitur,
479 3958 587 4019 quinque
606 3957 655 4006 illis
675 3954 757 4006 verbis
777 3955 895 4015 sublatis,
944 3956 1059 4016 quoniam
1073 3957 1137 4004 dnae
1151 3955 1198 4005 bne
1211 3957 1398 4006 coniunctiones
1405 3973 1491 4021 oopu-

358 4038 437 4098 aptius
458 4037 531 4085 etiam
549 4035 689 4085 Relativum
703 4049 822 4098 quemque
835 4049 896 4082 con·
942 4034 989 4082 lnn'
1001 4033 1037 4082 sic
1049 4049 1101 4082 non
1113 4039 1230 4096 possunt,
1244 4039 1271 4082 et
1282 4035 1365 4097 potius
1377 4041 1492 4099 utraque

357 4115 463 4165 tinuabit
476 4116 609 4177 superiora.
644 4114 746 4164 Antonii
755 4118 839 4174 partes
849 4112 895 4160 ali·
943 4114 1090 4161 sententiam
1103 4113 1221 4171 inchoare
1235 4111 1319 4162 debet.
1352 4115 1493 4177 Igith

357 4199 449 4257 quanto
466 4195 555 4242 arctius
569 4192 741 4242 describuntur
755 4193 776 4240 Ι.
792 4196 804 4250 ξ
819 4193 877 4240 264.
943 4193 1026 4238 tamen
1045 4192 1131 4239 docebo
1148 4207 1189 4240 111
1208 4192 1243 4240 sic
1260 4192 1363 4249 dicitur,
1382 4197 1411 4241 nt
1423 4209 1491 4255 pro·

390 4275 431 4324 27.
449 4276 524 4336 atque
536 4275 585 4320 ista
598 4273 695 4334 quidem
702 4270 895 4328 conditiona-
942 4270 1040 4316 fiteatur
1059 4270 1197 4328 Antonius,
1213 4285 1264 4318 non
1275 4284 1302 4318 se
1316 4271 1438 4320 deterreri
1453 4273 1491 4322 ab

357 4367 395 4400 me
409 4355 512 4401 tenerer.
547 4351 621 4410 Quod
634 4351 701 4407 aliis,
720 4349 781 4396 mihi
795 4362 894 4410 quoque
941 4347 985 4394 illo
992 4352 1115 4410 suscepto,
1123 4349 1191 4410 quod
1198 4349 1300 4397 Catulus
1306 4350 1417 4398 adesset:
1428 4356 1491 4402 tum

356 4429 458 4488 accidit,
477 4434 505 4478 ut
518 4430 647 4477 haererem
660 4427 687 4474 in
700 4427 789 4475 horum
801 4424 892 4474 verbo·
941 4425 1014 4473 huius
1034 4427 1139 4474 fiduciae
1158 4427 1279 4476 rationem
1298 4428 1397 4486 reddit,
1423 4445 1490 4492 quo.

354 4524 410 4557 rum
435 4507 654 4570 interpretatione;
688 4504 776 4568 quibus
803 4505 892 4553 iterum
941 4504 1297 4566 moewcedmoportet
1312 4505 1430 4568 sineque
1444 4509 1490 4572 ip·

356 4588 530 4644 consideratis,
544 4586 648 4647 repudio
663 4585 762 4646 quidem
769 4584 809 4641 id,
825 4583 893 4644 quod
941 4597 995 4631 rum
1009 4584 1091 4631 dicere
1104 4584 1207 4646 cogitari
1220 4598 1271 4632 non
1284 4585 1372 4646 possit.
