3242 5500
323 497 330 532 1
438 575 550 624 crans
579 576 749 626 runcina.
778 559 795 638 §
824 559 904 628 155.
1170 560 1238 628 311

108 752 180 817 tata
212 745 462 818 delectationis.
515 749 609 820 Nam
641 748 946 844 granucomatitae,
977 749 1147 822 [acumem
1172 775 1242 824 esec

107 857 146 927 in
165 854 299 941 herbis,
325 856 434 929 hatur
453 870 577 954 repetes
593 858 700 929 etiam
716 858 839 930 rustici
857 857 990 930 dicunt.
1020 859 1127 934 Quod
1145 861 1239 931 enim

108 965 278 1037 declarari
306 965 365 1037 vix
399 965 504 1037 verbo
538 967 678 1061 proprio
707 974 845 1061 potest,
872 966 909 1037 id
933 968 1099 1039 translato
1129 993 1239 1064 quum

109 1084 163 1148 est
200 1075 355 1160 dictum,
393 1075 545 1147 illustrat
574 1076 631 1161 id,
658 1075 753 1170 quod
777 1075 930 1170 intelligi
954 1076 1136 1162 volumus,
1163 1078 1239 1149 eius

108 1187 182 1270 rei,
219 1209 326 1280 quam
360 1185 474 1256 alieno
510 1183 615 1256 verbo
641 1175 855 1281 'posuimus
883 1185 1089 1257 similitudo.
1142 1187 1311 1282 Ergone

110 1296 177 1366 hae
197 1294 443 1366 translationes
468 1293 569 1388 quasi
594 1294 830 1365 mutuationes
853 1302 955 1379 sunt,
983 1319 1116 1390 quum,
1143 1297 1238 1391 quod

111 1429 184 1475 non
221 1402 369 1488 habeas,
407 1403 550 1474 aliunde
583 1427 719 1475 sumas:
759 1403 839 1475 illae
873 1403 992 1498 paullo
1015 1404 1238 1489 audaciores,

112 1537 203 1608 quae
222 1536 294 1582 non
315 1513 470 1608 inopiam
494 1511 673 1597 indicant,
700 1512 761 1584 sed
786 1513 936 1583 orationi
961 1513 1156 1607 splendoris
1178 1514 1240 1585 ali·

113 1622 200 1718 quid
225 1629 422 1705 arcessunt3
448 1645 598 1716 quarum
622 1645 688 1715 ego
714 1621 802 1717 quid
826 1620 924 1692 vobis
949 1630 1010 1692 aut
1038 1622 1240 1694 inveniendi

113 1733 305 1816 rationem,
331 1739 392 1802 aut
413 1754 542 1824 genera
563 1731 718 1825 ponam?

166 1836 434 1936 [Similitudinis
445 1847 496 1910 est
508 1839 553 1909 ad
565 1838 710 1911 verbum
728 1864 840 1911 unum
858 1847 1036 1911 contracta
1052 1839 1202 1914 brevitas
1211 1837 1237 1936 ,l
1267 1843 1313 1910 39

114 1951 212 2049 quod
248 1948 395 2020 verbum
429 1949 465 2020 in
499 1949 612 2019 alieno
648 1949 745 2034 laec,
771 1958 952 2044 tamquam
975 1949 1012 2020 in
1037 1975 1121 2035 suo,
1148 1951 1240 2045 posi·
1265 1969 1312 2020 rat

114 2072 211 2148 tum,
250 2061 281 2132 si
316 2059 537 2154 agnoscitur,
575 2057 741 2143 delectat,
779 2059 808 2128 si
846 2058 959 2129 simile
995 2057 1085 2129 nihil
1114 2059 1240 2146 habet,

116 2171 333 2269 repudiatur.
386 2168 452 2239 Sed
489 2192 529 2239 ea
560 2167 738 2238 transferri
760 2175 918 2261 oportet,
945 2192 1036 2262 quae
1057 2175 1119 2238 aut
1140 2169 1240 2240 clari-

115 2307 212 2356 orem
238 2281 373 2352 faciunt
395 2302 486 2363 rem,
512 2284 552 2348 ut
573 2276 633 2348 illa
662 2271 828 2371 [omnia],

460 2536 508 2546 —
531 2494 733 2568 inhorrescit
755 2519 864 2577 errore,

165 2610 322 2684 tenebrae
352 2605 656 2700 condemnantur,
691 2604 865 2698 noctisque
901 2616 932 2675 et
959 2603 1111 2675 oinrbrtm
1132 2629 1243 2678 occuc-

216 2732 275 2793 cat
296 2717 434 2816 nipror,

118 3039 229 3097 paratur
242 3036 294 3091 rei,
309 3048 381 3095 quom
394 3034 660 3092 winmuaeeprimere,
709 3032 811 3080 tandem
824 3029 932 3079 breviter
946 3031 998 3092 ipse
1006 3031 1148 3089 conticium,
1163 3032 1244 3080 subla-

123 3117 180 3162 taee
192 3112 365 3178 (metaphora)
375 3127 425 3172 pro
439 3113 492 3171 ipsa
505 3126 533 3157 re
545 3110 660 3173 dicitur).
710 3111 742 3157 tis
755 3110 818 3167 illis,
834 3123 896 3171 quae
907 3109 981 3156 modo
993 3109 1109 3169 explicari
1117 3124 1168 3157 non
1175 3125 1246 3173 posse

123 3196 163 3240 Me
176 3192 241 3241 nihil
255 3197 410 3253 repugnante
419 3187 661 3246 habeatsibiQuine·
711 3188 823 3244 ostendi,
845 3187 1034 3248 transpositione
1050 3192 1116 3236 totus
1130 3190 1199 3237 locus
1213 3190 1248 3238 sie

122 3272 221 3320 titianus
242 3270 308 3317 hanc
328 3282 419 3315 novam
436 3266 605 3327 disciplinam,
619 3266 663 3313 sed
712 3265 1078 3314 mihiconstituendnsvidetur:
1090 3267 1158 3313 -id
1164 3267 1264 3321 tram.

124 3352 276 3412 permultum
296 3345 366 3395 abest
385 3352 412 3394 ut
426 3360 455 3392 ea
469 3360 483 3392 e
498 3345 618 3393 Cicerone
632 3344 664 3392 sit
713 3344 763 3390 lato
783 3358 858 3403 quum
878 3346 915 3391 eat
936 3344 1042 3402 dictum,
1067 3346 1180 3393 illuatrat
1206 3346 1247 3401 td,

125 3441 255 3490 expressa,
276 3425 343 3486 apud
364 3439 437 3485 quem
452 3423 543 3471 frustra
557 3436 662 3483 quaeras
713 3422 777 3483 quod
789 3422 895 3483 intelliqt
908 3424 1027 3478 notemur,
1046 3423 1099 3468 eiua
1112 3424 1161 3479 rei,
1177 3438 1249 3484 quam

124 3510 192 3555 illam
206 3505 389 3567 oppositionem
395 3503 465 3565 inter
476 3502 664 3548 similitudinem
712 3500 1010 3558 altenovcrbopcsuimus,
1024 3500 1171 3555 cimititado,·
1185 3501 1251 3561 qnod

125 3593 149 3635 et
161 3583 339 3645 metaphoram.
358 3582 420 3638 Sed,
434 3580 589 3635 omissolroc,
605 3578 664 3639 quid
713 3579 810 3626 verbam
825 3579 850 3624 ic
865 3578 944 3624 alieno
959 3580 1017 3633 ὶοοο,
1033 3577 1249 3637 tamquaminauo,

124 3664 170 3713 sibi
196 3664 253 3711 vult
278 3660 449 3707 similitudinis
474 3662 513 3706 est
541 3658 664 3705 creatae?
709 3658 820 3716 positum
837 3656 1026 3715 sicpnorcitur,
1041 3656 1163 3713 denotat,
1179 3656 1202 3702 ai
1215 3658 1249 3703 si·

126 3746 218 3799 Estne,
233 3739 398 3789 similitudinis
411 3738 460 3785 hoc
473 3737 601 3798 proprium
615 3740 664 3793 est,
713 3736 770 3782 mile
794 3735 857 3782 nihil
875 3734 961 3790 tabet,
985 3732 1143 3794 reprodiatur.
1184 3734 1251 3794 Erqo

126 3828 154 3870 ut
170 3817 440 3868 habeatnreviatem?
475 3816 524 3863 Sed
538 3814 584 3875 ipsi
598 3814 664 3861 simi·
714 3814 759 3860 liae
779 3812 954 3860 translationes
973 3837 1008 3847 --
1024 3826 1115 3874 penora
1132 3826 1251 3871 exponam

125 3899 226 3948 litndini
246 3911 327 3957 neque
347 3893 470 3950 brevitas,
492 3907 573 3953 neque
594 3891 665 3952 copia
714 3893 776 3954 (qun
796 3891 871 3938 modo
889 3890 1063 3953 corrigendum
1078 3904 1167 3938 censeo
1181 3892 1251 3953 vulg.

126 3984 169 4026 aut
188 3974 327 4037 amplitudo
344 3972 419 4021 tribui
432 3976 529 4033 potest,
545 3968 664 4024 orationi,
709 3963 822 4030 ponam).
841 3971 911 4027 Quae
919 3973 1067 4029 sequuntur,
1083 3970 1127 4015 aed
1133 3984 1161 4016 ea
1170 3970 1250 4017 traaa-

126 4070 189 4116 quae
202 4068 276 4102 sensa
282 4052 371 4099 mentis
379 4050 494 4111 exponit,
509 4052 602 4109 potest,
617 4047 664 4093 sic·
709 4048 781 4108 ferri
795 4047 904 4106 oportet,
919 4052 983 4104 cet,
1003 4046 1066 4093 nihil
1082 4048 1208 4108 pertinent
1221 4048 1253 4094 ad

126 4135 175 4190 uti,
198 4138 211 4191 ξ
235 4134 296 4187 158,
318 4130 407 4178 dicitur
428 4128 535 4176 breviter
556 4125 664 4171 transla-
715 4124 813 4187 generis
832 4125 1016 4183 definitionem,
1039 4125 1146 4173 seduno
1161 4126 1251 4173 altero-

127 4214 193 4260 tione
221 4209 367 4271 conficitur,
395 4211 420 4255 et
446 4211 459 4264 §
482 4206 543 4261 160,
563 4202 667 4262 stupetis
715 4217 762 4263 que
783 4203 898 4263 exemplo
917 4207 1031 4249 monetur
1053 4202 1150 4263 quidin
1166 4217 1195 4250 eo
1209 4217 1251 4265 ge-

126 4290 206 4338 verbir
224 4302 265 4335 res
285 4303 315 4334 ac
336 4287 415 4334 totum
432 4285 512 4331 simite
526 4281 665 4344 conficitur.
715 4294 774 4328 nere
791 4281 885 4328 attendi
899 4285 1020 4341 oporteat.
1057 4312 1060 4319 ,

127 4368 207 4427 Quid,
222 4380 310 4428 porro,
326 4369 363 4412 est
377 4364 410 4410 ad
423 4363 519 4411 emtam
527 4374 664 4407 naumann·
751 4359 807 4406 157.
822 4358 1072 4417 quaeoutclariorem
1080 4357 1253 4417 satiatricem.

128 4448 212 4494 tracta
240 4443 363 4491 mentua?
392 4455 455 4502 quae
475 4440 579 4487 fortasse
601 4437 666 4484 idem
716 4436 843 4483 Sententia
863 4437 989 4498 postulare
1011 4435 1071 4482 mihi
1092 4435 1192 4483 videtur
1205 4436 1253 4495 sa·

128 4526 229 4579 valent,
251 4522 334 4582 quod,
356 4525 368 4578 ξ
392 4521 452 4576 1611,
473 4516 668 4581 siupulievcrbis
717 4515 797 4570 amnt,
813 4514 872 4562 item
886 4529 956 4571 mox,
972 4518 984 4572 ξ
1000 4515 1059 4571 158,
1075 4514 1255 4575 cuiquestpni-

130 4618 169 4649 rer
196 4618 225 4649 ae
254 4601 332 4647 retum
353 4600 431 4645 simile
452 4596 591 4659 conficitur.
634 4594 667 4641 ut
691 4647 695 4666 ι
712 4593 816 4653 ficetur,
836 4593 1017 4640 utPideritins.
