3242 5500
386 573 454 643 126
717 591 829 639 11111111
856 590 1047 640 saevimus
1073 575 1092 655 1
1120 574 1175 642 15.

382 768 578 851 attulisset,
602 766 763 849 laetarer,
783 788 893 859 quum
905 764 1001 861 apud
1013 789 1070 836 me
1081 766 1233 837 viderem
1247 765 1406 839 homines
1418 767 1503 838 mihi

383 878 579 951 carissimos
595 884 630 946 et
641 873 870 946 amicissimos
884 908 891 946 :
906 875 969 946 sed
980 882 1098 946 tamen
1116 879 1209 962 (vere
1219 875 1348 962 dicam)
1364 876 1501 971 quaevis

384 987 524 1059 mallem
559 986 714 1070 fuisset,
742 1008 848 1079 quam
883 984 972 1070 ista,
1012 1009 1117 1080 quam
1152 984 1250 1057 dicis.
1302 985 1380 1081 Ego
1410 988 1500 1058 enim

387 1102 459 1184 (ut,
487 1092 784 1191 quemadmodum
806 1093 939 1178 sentio,
966 1093 1102 1189 loquar)
1124 1118 1320 1190 numquam
1332 1094 1421 1167 mihi
1439 1096 1502 1166 mi·

384 1231 472 1292 11111,
498 1228 605 1299 quam
622 1202 786 1275 hesterno
810 1203 884 1288 die,
910 1202 1047 1298 placui:
1078 1199 1207 1300 [magis
1229 1204 1317 1277 adeo
1339 1205 1377 1278 id
1395 1204 1501 1277 facili·

382 1323 474 1400 tate,
501 1338 607 1409 quam
628 1313 695 1384 1111
717 1312 789 1383 ulla
816 1312 919 1407 culpa
939 1337 1016 1383 mea
1027 1314 1175 1409 contigit
1184 1308 1208 1409 3]
1238 1316 1319 1411 qui,
1346 1314 1501 1385 dumob·

384 1447 510 1521 sequor
546 1419 847 1507 adolescentibus,
890 1444 947 1493 me
983 1446 1102 1494 senem
1135 1448 1211 1496 1111
1245 1423 1376 1497 oblitus
1408 1450 1500 1510 sum,

383 1534 520 1629 fecique
539 1532 599 1618 id,
626 1530 721 1627 quod
741 1552 786 1601 ne
802 1530 1004 1603 adolescens
1022 1532 1166 1628 quidem
1177 1533 1346 1619 feceram,
1373 1542 1414 1609 ut
1428 1529 1500 1629 [iis]

384 1643 428 1715 de
451 1640 575 1726 rebus,
603 1664 693 1735 quae
718 1640 876 1712 doctrina
899 1641 1017 1736 aliqua
1037 1642 1321 1729 continerentur,
1347 1643 1502 1741 disputa·

383 1776 467 1823 rem.
522 1750 591 1821 Sed
612 1750 677 1821 hoc
700 1757 818 1821 tamen
844 1750 970 1822 cecidit
994 1750 1081 1822 mihi
1094 1763 1372 1848 peropportune,
1392 1754 1503 1849 quod,

383 1860 567 1933 transactis
590 1860 660 1931 iem
684 1859 771 1931 meis
793 1859 973 1956 partibuS,
999 1860 1044 1932 ad
1066 1859 1264 1933 Antonium
1289 1862 1504 1935 audiendum

328 1988 359 2033 16
383 1970 539 2042 venistis
592 1968 683 2039 'Pum
719 1968 866 2055 Caesar,
901 1968 1099 2065 Equidem,
1123 1971 1261 2067 inquit,
1288 1972 1435 2059 Crasse,
1462 1974 1505 2045 ita

385 2104 462 2153 sum
485 2078 635 2175 cupidus
658 2079 695 2149 in
718 2078 778 2150 illa
796 2079 953 2173 longiore
978 2086 1013 2151 te
1029 2104 1069 2151 oo
1087 2090 1257 2177 perpetua
1268 2081 1505 2178 disputatione

384 2189 571 2274 audiendi,
597 2196 656 2273 ut,
684 2188 713 2259 si
736 2187 772 2259 id
793 2186 880 2259 mihi
902 2189 1021 2260 minus
1048 2190 1252 2287 contingat,
1277 2191 1334 2263 vel
1353 2191 1419 2263 hoc
1443 2192 1505 2263 sim

384 2299 589 2396 quotidiano
628 2304 690 2368 tuo
732 2321 892 2369 sermone
930 2306 1126 2371 contentus.
1188 2300 1315 2396 Itaque
1349 2303 1506 2397 experiar

385 2408 548 2503 equidem
582 2407 693 2493 illud,
730 2414 769 2477 111
802 2430 848 2478 ne
876 2407 1072 2503 Sulpicius,
1099 2408 1278 2482 familiaris
1299 2435 1421 2497 1111111,
1449 2420 1507 2482 aut

385 2518 490 2589 Cotta
515 2516 618 2613 plus,
650 2540 758 2611 quarn
780 2540 867 2611 ego,
893 2516 989 2612 apud
1011 2525 1048 2589 te
1069 2518 1182 2591 valere
1206 2519 1387 2606 videatur,
1414 2528 1452 2593 et
1474 2528 1506 2593 11

385 2626 533 2699 exorabo
558 2625 731 2721 profecto,
754 2632 794 2697 ut
815 2624 904 2697 mihi
926 2651 1067 2723 quoque
1089 2636 1124 2699 et
1147 2628 1272 2701 Catulo
1294 2638 1376 2703 tuae
1393 2631 1506 2703 suavi-

383 2738 467 2811 tatis
489 2735 622 2832 aliquid
643 2735 834 2831 impertias.
887 2736 948 2807 Sin
971 2735 1038 2808 tibi
1063 2736 1100 2808 id
1126 2738 1244 2810 minus
1267 2738 1410 2827 libebit,
1440 2765 1506 2829 pon

383 2857 419 2920 te
439 2844 593 2942 urgebo,
618 2869 734 2942 neque
755 2845 994 2932 committam,
1020 2854 1080 2933 ut,
1106 2848 1193 2920 dum
1213 2873 1372 2936 vereare,
1398 2875 1448 2923 nc
1472 2859 1509 2922 tu

330 2957 432 3029 11111
460 2955 620 3051 ineptus,
656 2979 712 3026 me
747 2979 823 3026 esse
852 2955 996 3028 iudices.
1048 2954 1244 3045 Τ111111111,
1270 2959 1508 3054 Egomeher·

384 3064 482 3150 cule,
507 3063 643 3159 inquit,
670 3062 818 3150 Caesar,
845 3089 888 3135 ex
910 3063 1074 3136 omnibus
1103 3065 1240 3139 Latinis
1264 3067 1379 3142 verbis
1403 3069 1509 3142 huius

384 3172 481 3245 verbi
502 3173 573 3244 vim
595 3172 649 3243 vel
675 3175 863 3244 maximam
885 3196 1022 3270 semper
1040 3178 1181 3269 putavi:
1208 3202 1314 3272 quem
1337 3178 1434 3251 enim
1448 3204 1509 3251 nos

384 3284 540 3376 ineptam
571 3306 756 3368 vocamus,
791 3283 821 3353 is
843 3283 930 3354 mihi
961 3283 1098 3355 videtur
1129 3285 1174 3358 ab
1205 3285 1270 3358 hoo
1293 3312 1425 3359 nomen
1451 3289 1509 3360 ha·

384 3392 467 3463 bere
500 3391 667 3476 ductum,
703 3391 799 3486 quod
832 3416 902 3464 non
929 3393 973 3466 sit
996 3407 1119 3487 aptus,
1146 3395 1254 3491 idque
1278 3398 1315 3468 in
1337 3399 1510 3470 sermonis

385 3501 496 3573 nostri
517 3501 770 3572 consuetudine
793 3500 926 3596 perlate
949 3511 1056 3597 patet.
1095 3503 1205 3591 Nam,
1231 3507 1293 3601 qui
1317 3515 1398 3594 aut,
1419 3516 1509 3580 tem·

384 3635 452 3706 pus
482 3609 568 3705 quid
602 3610 777 3705 postulet,
804 3634 875 3681 non
900 3611 1014 3697 videt,
1040 3621 1103 3686 aut
1126 3614 1228 3709 plura
1249 3615 1428 3710 loquitm,
1452 3627 1510 3690 aut

382 3843 677 3852 -η--ι-κ-κ-

420 3992 460 4042 16.
478 3993 573 4042 itanum
581 3992 924 4054 capanna-rosemunda
970 3993 1056 4043 lebant
1075 3990 1101 4044 in
1123 3997 1234 4047 Crassus.
1260 3999 1334 4048 conf.
1356 4006 1369 4060 1
1392 4003 1435 4052 19.
1457 4005 1509 4054 init.

385 4072 589 4134 explicationem,
609 4073 695 4120 desero
708 4085 789 4120 meam
803 4071 921 4134 suspicio·
1006 4075 1045 4122 18.
1066 4073 1193 4136 [Graeci].
1227 4077 1318 4126 Merito
1336 4079 1363 4128 in
1382 4095 1435 4132 uno
1448 4085 1510 4133 alte·

385 4167 458 4210 nem,
473 4151 535 4198 haec
549 4150 701 4198 correctione
716 4147 838 4212 indigere.
969 4166 1047 4212 roque
1059 4151 1124 4202 libro
1138 4152 1265 4204 omittitur.

420 4231 460 4280 17.
479 4231 531 4278 tum
545 4227 736 4289 ille—inquit,
754 4229 852 4276 Caesar.
870 4231 920 4278 Ne·
1005 4231 1044 4278 19.
1069 4232 1156 4280 horum
1183 4233 1372 4298 [GraecorumJ.
1416 4229 1509 4289 Intem-

385 4323 433 4369 que
448 4310 501 4355 tum
513 4306 555 4354 ille
566 4305 703 4354 abiicienda
714 4311 783 4363 sunt,
799 4321 848 4368 quo
860 4309 920 4356 Pro·
969 4309 1092 4370 pestivum
1117 4311 1364 4374 interpretamentum
1392 4316 1511 4367 abiicien-

385 4385 485 4434 nomine
513 4386 614 4433 Crassus
637 4384 774 4441 indicatur,
795 4384 827 4431 ad
847 4399 920 4446 quem
970 4387 1029 4436 dum
1044 4393 1089 4437 est.

384 4465 478 4513 seilicet
491 4463 537 4511 ista
551 4477 565 4510 a
580 4463 684 4511 Caesare
699 4460 883 4521 dictafuerant3
897 4470 922 4514 at
1003 4483 1048 4515 nee
1062 4468 1143 4516 tamea
1156 4469 1253 4517 tactio.
1284 4471 1362 4519 Recte
1376 4473 1512 4523 Pideritins

384 4547 516 4604 propterea
541 4539 677 4589 servandus
690 4539 837 4600 vocativus,
860 4542 919 4590 Cae·
969 4545 1096 4594 revocavit
1123 4549 1220 4606 tamen,
1247 4546 1279 4596 ab
1299 4550 1354 4598 aliis
1374 4550 1511 4609 omissum,

374 4634 439 4691 tear,
454 4633 527 4680 quern
539 4623 632 4668 temere
646 4618 759 4668 Editores
773 4619 861 4668 mutari
873 4635 919 4669 vo·
970 4637 1068 4684 quoque
1081 4626 1202 4674 sententia
1216 4640 1300 4675 carere
1313 4643 1366 4678 non
1380 4636 1475 4692 potest.
