3242 5500
373 561 417 630 52
704 581 818 628 nrnnn
845 581 995 628 ruimus.
1024 561 1041 641 §
1069 560 1149 629 lat.

372 774 485 846 poena
510 746 660 844 dignum
684 761 779 846 put0.
831 751 1006 848 Equidem
1032 759 1067 822 et
1092 751 1129 822 in
1154 750 1253 822 vobis
1277 752 1496 824 animadver-

372 869 444 931 tere
469 859 579 943 soleo,
612 859 706 931 etin
731 885 787 932 me
812 862 888 956 ipso
914 860 1115 956 saepissime
1139 861 1313 955 experior,
1338 871 1379 932 ut
1403 861 1497 960 epal-

25 963 68 1085 ip
89 925 292 1024 ‘We'
374 968 512 1064 bes-onam
537 967 574 1038 in
598 968 781 1064 principiis
806 969 964 1055 dicendi,
995 977 1029 1041 ct
1052 976 1126 1041 tota
1150 977 1269 1041 mente
1292 978 1399 1067 atque
1421 994 1497 1041 om-

373 1077 479 1150 nibus
516 1075 662 1149 artubus
694 1079 970 1151 contremiscam.
1023 1078 1318 1151 Adolescentulus
1342 1104 1422 1150 vero
1447 1079 1499 1150 sic

372 1187 475 1260 initio
510 1186 738 1259 accusationis
776 1189 995 1260 exanimatus
1025 1213 1123 1273 sum,
1156 1195 1195 1259 ut
1223 1187 1289 1260 hoo
1318 1212 1498 1260 summum

372 1295 581 1367 beneficium
615 1296 660 1371 Q.
692 1295 849 1369 Maximo
874 1295 1077 1382 debuerim,
1104 1295 1199 1392 quod
1223 1299 1389 1368 continuo
1413 1321 1496 1369 con-

373 1405 491 1478 silium
526 1403 712 1490 dimiserit,
750 1405 857 1477 simul
884 1430 924 1476 ac
956 1429 1012 1477 me
1037 1405 1187 1477 fractum
1210 1429 1250 1476 ac
1275 1405 1499 1478 debilitatum

299 1534 346 1580 run
372 1520 469 1586 metu
505 1513 639 1585 viderit.
692 1511 763 1586 Hic
798 1538 920 1586 omnes
956 1515 1090 1586 assensi
1122 1514 1321 1609 significare
1344 1516 1438 1587 inter
1461 1538 1499 1584 se

375 1619 424 1720 [et
454 1622 605 1718 colloqui
629 1618 854 1719 coeperunt}
887 1623 953 1695 luit
978 1624 1073 1695 enim
1097 1623 1266 1695 mirificus
1290 1624 1436 1719 quidam
1460 1623 1498 1693 in

372 1732 497 1804 Crasso
531 1732 661 1827 pudor,
695 1733 757 1829 qui
784 1740 902 1805 tamen
936 1757 1006 1804 nou
1043 1731 1179 1804 obesset
1215 1732 1290 1804 eius
1329 1733 1498 1817 orationi,

372 1841 433 1914 sed
457 1841 560 1912 etiam
584 1840 768 1936 probitatis
792 1841 1098 1914 commendatione
1109 1842 1298 1937 prodesset.

299 1959 343 2029 27
419 1951 510 2021 Tum
534 1948 727 2035 Antonius,
752 1951 878 2047 Saepe,
904 1949 1059 2037 utdiois,
1085 1951 1218 2046 inquit,
1243 1950 1498 2035 animadverti,

370 2058 513 2145 Crasse,
550 2067 585 2131 et
609 2068 644 2131 te
669 2067 703 2131 et
727 2067 859 2132 ceteros
884 2067 1230 2146 summoscratcres,
1265 2063 1500 2156 (quamquam

369 2167 435 2241 tibi
460 2192 538 2263 par,
564 2193 641 2239 mea
665 2169 852 2254 sententia,
878 2193 982 2240 nemo
1002 2193 1162 2265 unquam
1179 2169 1280 2255 fuit),
1306 2170 1343 2241 in
1358 2167 1501 2241 dicendi

298 2327 343 2372 ne
370 2277 511 2349 exordio
535 2278 738 2373 permoveri.
767 2278 879 2351 Cuius
892 2278 1039 2375 quidem
1052 2278 1101 2350 rei
1115 2302 1226 2375 quum
1242 2303 1382 2350 causam
1396 2301 1500 2374 quae-
1599 2342 1600 2361 ,

374 2411 501 2472 rerem,
535 2386 705 2482 quidnam
729 2395 837 2473 esset,
863 2413 943 2473 our,
969 2387 1070 2459 utin
1096 2412 1237 2483 quoque
1263 2395 1395 2460 oratore
1420 2387 1498 2482 plu-

375 2497 505 2569 rimum
541 2503 645 2582 esset,
682 2496 731 2568 ita
762 2497 914 2568 manime
938 2498 968 2569 is
992 2497 1266 2592 pertimesceret,
1292 2497 1355 2568 has
1379 2520 1501 2567 causas

377 2604 599 2678 inveniebam
632 2604 734 2678 duas:
773 2630 899 2692 unam,
934 2605 1029 2702 quod
1057 2605 1295 2700 intelligerent
1330 2605 1374 2690 ii,
1413 2629 1501 2699 quos

377 2739 462 2788 usus
496 2739 536 2787 ac
563 2722 684 2787 natura
709 2713 899 2802 docuisset,
926 2738 1192 2812 nonnumquam
1219 2708 1365 2787 summis
1389 2723 1501 2785 orato-

378 2823 476 2896 ribus
494 2848 565 2895 non
584 2825 667 2897 satis
686 2849 728 2897 ex
750 2825 924 2898 sententia
945 2832 1110 2897 eventum
1130 2825 1270 2897 dicendi
1292 2824 1501 2920 procedere,

414 3094 469 3139 122.
487 3092 527 3138 nic
550 3106 632 3138 mnnee
657 3093 749 3138 areensi
774 3092 916 3155 eipniflcure
963 3091 1144 3153 cognoscimus.
1185 3091 1235 3138 Sed
1261 3105 1292 3139 ne
1317 3106 1377 3138 naue
1403 3091 1505 3151 quidem
1597 3143 1598 3148 ,

379 3172 446 3218 inter
458 3185 485 3217 ee
498 3171 536 3231 [et
547 3169 650 3231 colloqui
657 3170 810 3230 coeperunt]
831 3170 915 3218 Simile
965 3183 1113 3231 quemquem
1133 3167 1219 3217 docere
1238 3174 1351 3229 poteret,
1373 3168 1434 3228 qnid
1450 3169 1505 3216 eliis

379 3248 438 3309 quid
452 3248 477 3294 h.
492 3248 510 3294 l.
522 3247 638 3295 accidisse
652 3249 837 3306 narratureius,
849 3249 916 3309 quod
965 3249 1078 3311 (mnemia
1097 3246 1247 3306 oratoriae)
1264 3261 1446 3309 nonnumquam
1464 3261 1504 3294 so·

379 3330 585 3374 commemoratur
599 3326 634 3372 ΙΙ.
650 3329 662 3384 5
677 3326 725 3372 295
739 3324 815 3388 (qnid
826 3341 865 3374 voe
876 3328 915 3373 in·
964 3327 1028 3374 ieret
1040 3325 1164 3373 accidere:
1183 3329 1220 3373 est
1233 3325 1299 3371 enim
1311 3339 1371 3371 narn
1382 3324 1448 3382 eius,
1463 3325 1506 3385 qui

380 3406 419 3452 ter
439 3403 511 3467 mei)
556 3403 606 3453 Sed
625 3417 701 3463 quum
724 3405 865 3467 eipniflcnre
885 3404 916 3452 de
965 3404 1017 3465 ipse
1031 3404 1090 3464 quid
1103 3403 1236 3464 experitur.
1255 3403 1504 3463 inipsauutemver-

378 3486 442 3531 nutu
474 3487 570 3530 tantum
604 3481 700 3529 dicatur
726 3484 767 3545 (ιιι
794 3484 916 3530 Graecum
964 3482 1053 3529 borum
1080 3485 1202 3529 structura
1230 3480 1278 3528 hoc
1304 3480 1505 3528 animadverten-

380 3559 554 3620 σημαίνεσθαι),
562 3560 657 3607 admitti
665 3574 715 3607 non
722 3564 804 3621 potest
810 3565 838 3608 ut
844 3560 917 3608 simul
966 3561 1040 3617 dum,
1058 3560 1124 3607 idem
1138 3557 1262 3607 obiectum
1276 3572 1329 3606 esse
1343 3556 1414 3606 verbi
1429 3560 1505 3606 intei-

378 3639 417 3687 isti
437 3639 502 3687 inter
522 3653 548 3687 se
568 3640 671 3701 colloqui
689 3640 826 3698 coeperint,
841 3653 917 3699 quum
967 3639 1085 3701 liperent,
1114 3643 1139 3685 et
1162 3635 1233 3685 verbi
1254 3636 1390 3694 docuisset,
1415 3652 1507 3698 nempe

379 3717 523 3779 praesertim
557 3718 672 3765 Crassum
703 3717 784 3765 statim
813 3717 919 3778 excipiat
967 3730 1147 3778 nonnumquam
1169 3716 1314 3775 procedere.
1354 3715 1401 3771 nt,
1427 3728 1506 3775 quen·

380 3796 510 3844 Antonius.
545 3795 624 3856 Igitur
647 3794 735 3843 stolida
753 3795 808 3853 iila,
823 3798 849 3842 et
863 3796 917 3842 coli.
967 3794 1114 3855 doquidem,
1135 3798 1164 3841 ut
1183 3808 1214 3841 ex
1234 3792 1364 3841 antecedd.
1387 3798 1507 3854 apparet,

381 3888 459 3933 coen,
474 3872 656 3931 dolendumne,
669 3872 842 3934 etrecipiende
853 3874 917 3920 Gru·
966 3872 1019 3933 ipse
1031 3870 1278 3936 ille}(inteliiperent‚
1294 3874 1319 3918 et
1331 3871 1507 3933 qumueroedo·

380 3950 708 4008 terianelectiomaeencum.
724 3950 917 4014 Sipniflcureln·
968 3949 1070 4011 cuiceet)
1091 3950 1122 3997 de
1137 3949 1243 3997 ‘summis
1261 3948 1401 3996 oratoribus
1418 3948 1508 3995 dicun·

381 4029 488 4077 finitivus
501 4028 630 4077 historicus
644 4033 689 4077 est.
967 4032 1022 4086 tur,
1040 4042 1140 4089 prorsus
1157 4025 1301 4075 incredibile
1314 4026 1414 4074 videtur
1426 4029 1456 4073 ut
1468 4026 1507 4072 di·

417 4109 472 4155 123.
491 4121 550 4169 quoe
568 4122 628 4155 neue
640 4122 670 4155 ac
683 4109 774 4155 natura
788 4107 918 4155 docuisset.
968 4111 1055 4153 cantur
1074 4105 1111 4153 iiii
1128 4107 1217 4153 cummi
1229 4107 1341 4152 oratores
1353 4105 1506 4169 inteilipere,

382 4188 439 4234 Non
459 4200 558 4248 possum
579 4186 677 4249 singula
697 4185 722 4232 in
735 4190 787 4233 tota
801 4186 848 4232 hae
861 4198 917 4232 sen·
968 4184 1027 4245 quid
1046 4185 1148 4231 mmmn
1166 4184 1307 4231 oratoribue
1326 4196 1509 4245 nonnumquam

382 4264 459 4313 tentia
482 4264 517 4311 ita
536 4264 707 4325 interpretari,
733 4268 760 4311 ut
780 4276 840 4311 sana
860 4262 918 4309 inde
967 4262 1099 4309 accideret.
1116 4263 1253 4319 Postremo,
1267 4260 1407 4308 Infinitivus
1419 4262 1510 4307 timere

383 4342 504 4389 sententie
516 4343 628 4403 prodeat.
642 4343 673 4388 V.
689 4355 711 4388 c.
726 4356 785 4389 uene
798 4341 865 4400 quod
876 4339 918 4387 do·
967 4355 1019 4388 non
1032 4340 1149 4401 explicari
1162 4343 1243 4401 potest
1254 4338 1508 4399 undesuspensussit.

384 4434 439 4467 cere
452 4419 554 4477 dicitur,
568 4420 694 4481 intelligo;
712 4434 762 4466 non
779 4419 839 4466 item
853 4418 920 4477 quod
970 4421 1039 4467 Haec
1059 4418 1077 4466 si
1098 4418 1159 4465 dilui
1179 4432 1229 4465 non
1249 4420 1367 4478 possunt,
1390 4421 1415 4464 et
1433 4430 1508 4477 pree-

385 4500 476 4546 nuturu
484 4531 491 4555 ,
516 4512 578 4559 quae
592 4512 650 4546 sanc
663 4498 793 4545 admonere
806 4500 919 4558 poterat,
968 4502 1045 4555 terea,
1059 4496 1078 4545 si
1093 4496 1152 4543 mihi
1166 4495 1319 4552 conceditur,
1332 4494 1402 4542 initio
1414 4495 1507 4556 inteili-

386 4589 436 4626 non
449 4572 506 4623 itein
521 4576 607 4624 docere
618 4577 658 4634 id,
677 4574 743 4636 quod
756 4589 802 4622 um
820 4575 920 4625 demum
968 4575 1041 4639 pendi
1047 4574 1151 4623 verbum
1159 4575 1240 4635 ipsum
1249 4572 1392 4621 usententie
1398 4568 1508 4621 alienum
