3242 5500
488 577 602 627 nrnnn
628 579 767 631 rnrnus
794 564 812 645 §
836 562 895 632 42.
1209 558 1253 626 19

126 749 242 846 capite
273 749 433 835 Socrate,
464 749 554 822 nihil
583 758 618 823 tc
648 751 691 824 de
720 751 823 824 bonis
851 750 956 824 rebus
984 752 1022 823 in
1051 749 1140 837 vita,
1165 749 1255 822 nihil

127 859 172 931 de
202 858 324 946 malis,
355 858 445 932 nihil
473 859 517 933 de
550 860 659 933 animi
687 860 984 958 permotionibus,
1009 860 1100 934 nihil
1123 860 1167 932 de
1191 859 1252 932 ho·

126 971 267 1042 minum
291 968 469 1056 moribus,
499 970 590 1044 nihil
614 971 658 1043 de
681 972 815 1044 ratione
831 973 928 1044 uitae
951 970 1136 1058 didicisse,
1166 969 1256 1042 nihil

126 1079 273 1152 omnino
306 1079 504 1175 quaesisse,
541 1079 630 1154 nihil
664 1082 752 1154 scire
776 1083 1038 1156 convincerent:
1065 1087 1118 1167 et,
1144 1103 1254 1176 quum

125 1190 283 1262 universi
307 1190 344 1262 in
369 1197 404 1262 te
428 1190 599 1287 impetum
623 1191 807 1280 fecissent,
834 1200 912 1265 tum
930 1188 1091 1287 singulae
1102 1190 1255 1262 familiae

125 1301 226 1373 litem
249 1299 315 1372 tibi
339 1300 573 1374 intenderent.
612 1300 764 1374 instaret
785 1302 995 1388 Academia,
1022 1323 1132 1396 quae,
1157 1299 1254 1395 quic·
1296 1307 1328 1353 43

125 1409 215 1507 quid
239 1409 408 1496 dixisses,
440 1410 477 1483 id
502 1418 537 1483 te
561 1411 679 1506 ipsum
703 1435 834 1507 negare
856 1418 1013 1506 cogeret:
1041 1409 1149 1482 Stoici
1172 1432 1253 1480 vero

124 1519 238 1592 nostri
267 1520 546 1617 disputationum
572 1545 713 1593 suarum
737 1529 844 1617 atque
867 1520 1181 1616 interrogationum
1204 1519 1253 1590 lc·

125 1631 227 1725 queis
265 1637 300 1702 te
330 1629 503 1702 irretitum
535 1637 715 1703 tenerent:
747 1629 972 1727 Peripatetici
1000 1638 1118 1702 autern
1147 1629 1253 1701 ctiam

125 1739 212 1811 haec
236 1739 333 1836 ipsa,
360 1764 449 1835 quae
465 1741 606 1836 propria·
623 1747 800 1812 oratorum
813 1748 918 1837 putas
930 1763 1025 1827 esse,
1051 1739 1253 1811 adiumenta

124 1857 230 1945 atque
254 1857 459 1922 ornamenta
482 1849 640 1937 dicendi,
665 1849 709 1922 ab
736 1874 772 1922 se
796 1851 868 1947 peti
881 1851 1059 1922 vincerent
1072 1856 1250 1946 oportere,

124 1984 164 2032 ao
193 1977 266 2030 non
297 1959 410 2031 solum
439 1958 603 2046 meliora,
636 1959 829 2033 sedetiam
858 1961 969 2033 multo
993 1958 1095 2057 plura
1118 1958 1252 2030 Aristo-

123 2070 232 2142 telem
269 2067 619 2165 Theophrastumque
656 2069 700 2142 de
736 2069 791 2142 his
827 2069 953 2157 rebus,
990 2093 1097 2166 quarn
1129 2091 1251 2140 omnes

123 2177 266 2251 dicendi
298 2178 482 2274 magistros
513 2179 692 2274 scripsisse
723 2180 956 2252 ostenderent.
1009 2179 1138 2251 Missos
1161 2179 1251 2250 facio

123 2287 410 2374 mathematicos,
440 2288 704 2384 grammaticos,
735 2289 907 2375 musicos,
939 2311 1088 2385 quorum
1117 2288 1250 2360 artibus

123 2405 239 2470 vestra
261 2397 330 2470 ista
354 2397 494 2471 dicendi
517 2398 569 2470 vis
593 2421 638 2470 ne
662 2399 808 2472 minima
833 2398 975 2494 quidem
993 2398 1250 2471 societatecon-

121 2507 294 2603 iungitur.
347 2507 586 2584 Quamobrem
617 2508 684 2582 ista
714 2515 812 2582 tanta
843 2516 986 2604 tamque
1013 2508 1124 2580 multa
1146 2509 1250 2604 profi·

120 2617 251 2704 tenda,
278 2617 422 2705 Crasse,
447 2641 518 2690 non
544 2643 686 2692 censeo:
715 2619 796 2692 satis
820 2619 858 2691 id
875 2627 928 2691 est
941 2621 1130 2714 magnum,
1155 2618 1251 2712 quod

121 2735 224 2826 potes
253 2735 448 2825 praestare,
478 2736 518 2801 ut
547 2728 584 2800 in
613 2728 753 2802 iudiciis
779 2755 819 2801 ea
842 2755 965 2816 causa,
992 2752 1250 2826 quamcumque

119 2848 162 2911 tu
186 2838 295 2925 dicis,
321 2838 444 2911 melior
469 2846 503 2911 et
527 2835 742 2936 probabilior
766 2864 843 2912 esse
859 2839 1037 2911 videatur:
1055 2846 1095 2910 ut
1111 2838 1149 2909 in
1168 2862 1251 2911 con·

120 2948 282 3022 tionibus
319 2956 353 3021 et
391 2949 573 3021 sententiis
610 2948 767 3021 dicendis
797 2949 843 3021 ad
873 2948 1157 3046 persuadendum
1188 2955 1250 3020 tua

120 3058 318 3156 plurimum
341 3054 453 3131 valeat
478 3058 604 3131 oratio:
633 3058 785 3154 denique
805 3067 845 3132 ut
856 3056 1089 3156 prudentibus
1102 3058 1248 3146 diserte,

121 3168 243 3241 stultis
269 3169 374 3241 ctiam
398 3194 477 3241 vere
500 3169 615 3242 dicere
639 3167 799 3241 videaris.
840 3167 919 3241 Hoc
943 3169 1094 3265 amplius
1116 3169 1250 3264 siquid

120 3278 274 3375 poteris,
300 3302 371 3349 non
396 3278 434 3351 id
458 3278 546 3351 mihi
569 3276 745 3351 videbitur
769 3285 901 3364 orator,
929 3278 991 3350 sed
1015 3277 1162 3350 Crassus
1187 3304 1250 3351 sua

121 3386 277 3483 quadam
301 3388 462 3484 propria,
480 3413 552 3460 non
570 3387 748 3460 communi
764 3396 940 3461 oratorum
957 3388 1121 3460 facultate
1132 3412 1247 3485 posse.

170 3498 264 3569 ll'um
288 3497 369 3591 ille,
395 3498 477 3570 Non
503 3522 602 3584 sum,
627 3498 764 3594 inquit,
791 3498 951 3584 nescius,
979 3498 1159 3584 Scaevola,
1180 3499 1249 3570 ista
1275 3498 1318 3566 11

119 3606 214 3679 inter
249 3606 400 3679 Graecos
436 3606 506 3680 dici
543 3615 576 3680 et
605 3606 790 3703 disceptari
818 3606 938 3679 solere.
994 3606 1125 3678 Audivi
1154 3607 1248 3678 enim
1289 3615 1321 3659 45

121 3740 280 3789 summos
305 3714 486 3804 hominos,
514 3740 624 3813 quum
649 3723 813 3811 quaestor
822 3698 880 3829 [ex
905 3716 1113 3788 Macedonia
1135 3716 1247 3788 venis·
1347 3700 1424 3785 rib

154 3972 196 4019 43.
217 3983 308 4034 separe
329 3970 432 4033 cuperet.
471 3967 564 4034 Vitiosa
585 3970 662 4017 altera
711 3969 768 4017 dem
794 3968 910 4017 lubenter
936 3982 1046 4018 carerem
1069 3969 1119 4032 illis
1138 3970 1246 4029 dictet,

120 4050 213 4107 lectio,
227 4050 293 4097 scire
306 4048 423 4112 reparet,
438 4048 513 4109 plane
527 4047 662 4108 corrumpit
710 4046 827 4108 quoniam
841 4048 889 4096 hoc
901 4046 1006 4095 verbum
1017 4046 1098 4096 minus
1108 4048 1247 4110 propriede

119 4128 281 4177 sententiam:
295 4126 412 4189 intelligit
424 4126 490 4175 enim
503 4126 660 4175 astutamSo·
709 4125 757 4175 illis
773 4125 965 4175 dissensionibus
979 4126 1087 4187 ponitur.

119 4207 238 4255 medeam
252 4204 394 4267 disputandi
406 4204 542 4263 rationem,
564 4218 613 4266 qua
626 4206 660 4263 is,
745 4220 819 4267 qaam
840 4206 956 4267 quaestor
967 4218 1000 4253 ea
1013 4205 1158 4254 Macedonia
1170 4206 1248 4253 mrs-

120 4284 231 4347 quiquid
239 4283 558 4341 affirmavissetidentidem
566 4298 659 4345 eoper-
709 4298 759 4331 rem
785 4282 904 4331 Athenas.
943 4286 1017 4333 Hanc
1036 4284 1117 4333 Crassi
1137 4298 1246 4333 commo-

120 4362 259 4413 duccbatur
271 4366 301 4411 ut
314 4362 367 4423 ipse
380 4362 659 4426 rursus'idemnegaret.
708 4363 830 4411 rationem
855 4362 960 4413 Athenis
984 4363 1119 4424 Lyndenus
1139 4365 1178 4411 De
1198 4365 1245 4411 Pa·

152 4446 195 4493 44.
215 4455 389 4504 quamcumque
403 4442 431 4490 tu
445 4441 513 4490 dicte.
543 4444 599 4491 Non
614 4442 659 4489 du·
708 4442 790 4491 nacho
817 4458 843 4503 p.
874 4444 920 4500 12,
941 4441 1058 4505 Pighium
1077 4446 1190 4500 secutus,
1214 4443 1247 4490 ad

118 4521 171 4571 bito
186 4521 248 4583 quin
264 4520 439 4583 corrigendum
453 4522 484 4569 sit
498 4521 573 4567 dicas.
709 4536 730 4568 a.
745 4536 770 4569 u.
787 4523 836 4569 643
848 4521 934 4569 refert.
969 4520 1019 4568 Sed
1032 4520 1155 4583 discrepat
1167 4536 1182 4569 a
1193 4535 1247 4571 sese

152 4604 194 4650 45.
214 4600 264 4648 dict
279 4600 305 4645 et
318 4600 453 4659 disceptari
465 4602 552 4647 solere·
583 4600 659 4660 Equi·
711 4600 828 4657 Crassus,
848 4600 890 4660 qui
911 4600 959 4647 III.
982 4603 995 4656 §
1015 4598 1046 4647 75
1060 4600 1092 4647 de
1106 4601 1193 4649 eodem
1206 4601 1246 4649 iti-
