3242 5500
426 592 539 639 arama
567 592 717 639 narnus.
747 574 764 652 ὅ
792 573 874 641 255.
1145 575 1215 643 113

101 763 297 858 alitigiosis
333 762 536 834 hominibus
562 787 631 834 non
659 763 803 847 colatur,
826 765 985 834 aceteris
1011 764 1219 837 deseratur?

102 874 265 969 Equidem
288 881 427 945 tantum
449 873 573 944 absum
595 872 639 944 ab
660 872 726 943 ista
748 873 938 958 sententia,
964 880 1005 944 ut
1027 898 1096 944 non
1111 874 1216 946 modo

102 1008 161 1054 non
193 980 342 1055 arbitrer
374 981 572 1054 subsidium
598 976 789 1054 senectutis
815 982 851 1051 in
877 1005 1018 1067 eorum,
1046 984 1108 1079 qui
1133 1008 1215 1055 con-

103 1093 222 1164 sultum
247 1092 408 1178 veniant,
438 1090 666 1163 multitudine
691 1115 766 1162 esse
791 1091 1015 1185 ponendum,
1042 1092 1104 1163 sed
1126 1100 1215 1163 tam·

102 1227 196 1297 quam
221 1209 364 1297 portum
389 1201 543 1296 aliquem
564 1208 761 1295 exspectem
784 1200 904 1285 istam,
927 1225 1033 1295 quam
1044 1207 1084 1271 tu
1095 1201 1216 1285 times,

102 1310 329 1383 solitudinem.
358 1308 564 1381 Subsidium
590 1309 684 1381 enim
705 1307 938 1381 bellissimum
960 1310 1121 1381 existimo
1142 1334 1217 1381 esse
1242 1357 1245 1361 -

103 1420 282 1506 senectuti,
296 1420 419 1491 otium.
448 1419 599 1514 Reliqua
609 1442 711 1504 vero,
734 1418 840 1490 etiem
854 1418 884 1489 si
896 1418 1082 1504 adiuvant,
1108 1419 1217 1491 histo·
1243 1436 1290 1481 256

102 1530 179 1601 riam
212 1529 311 1613 dioc,
343 1536 377 1601 et
401 1528 625 1624 prudentiam
651 1526 737 1599 iuris
761 1526 917 1623 publici,
943 1536 978 1599 et
1002 1528 1219 1624 antiquitatis

104 1640 177 1725 iter,
201 1646 238 1711 et
263 1638 503 1733 exemplorum
516 1638 671 1733 copiam,
698 1636 883 1733 siquando
905 1638 1090 1732 opuserit,
1114 1637 1220 1709 aviro

103 1750 228 1844 optimo
265 1756 300 1819 et
338 1748 414 1819 istis
451 1747 557 1819 rebus
594 1746 883 1832 instructissimo,
922 1746 1085 1818 familiari
1120 1770 1218 1833 meo,

104 1856 258 1952 Longino
282 1856 479 1929 mutuabor.
533 1856 658 1952 Neque
683 1854 906 1953 repugnab0,
932 1880 1002 1952 quo
1027 1857 1145 1927 minus
1169 1856 1221 1943 (id

104 1966 190 2060 quod
213 1965 321 2037 modo
346 1965 501 2038 hortatus
527 1970 578 2052 es)
607 1965 725 2037 omnia
753 1965 893 2061 legant,
919 1964 1037 2037 omnia
1060 1956 1220 2052 audiant,

104 2074 136 2146 in
167 2074 265 2147 omni
297 2082 390 2147 recto
423 2074 541 2147 studio
564 2083 671 2170 atque
696 2074 913 2147 humanitate
937 2082 1133 2147 versentur:
1160 2074 1223 2147 sed

103 2184 295 2257 mehercule
311 2208 381 2256 non
394 2185 442 2257 ita
453 2184 607 2255 multum
621 2184 725 2279 spatii
738 2183 826 2254 mihi
839 2183 966 2255 habere
983 2185 1164 2270 videntur,
1191 2186 1220 2255 si

103 2294 199 2365 modo
211 2318 256 2365 ea
267 2292 378 2365 lacere
391 2301 425 2365 et
437 2292 600 2389 persequi
612 2292 747 2377 volent,
761 2316 852 2388 quae
863 2318 885 2364 a
895 2301 947 2379 te,
965 2294 1106 2379 Crasse,
1120 2317 1219 2389 prae·

103 2410 195 2498 cepta
241 2409 342 2486 sunt3
375 2402 436 2499 qui
482 2402 570 2474 mihi
602 2426 710 2497 prope
743 2403 813 2473 iam
848 2402 953 2474 nimis
984 2402 1089 2474 duras
1123 2403 1220 2498 leges

104 2512 280 2609 imponere
308 2512 403 2583 visus
429 2535 464 2583 es
489 2510 572 2583 huic
597 2512 722 2597 aetati,
742 2511 811 2583 'sed
834 2519 950 2583 tamen
975 2512 1102 2598 adid,
1128 2510 1223 2607 quod
1330 2505 1338 2515 ’

105 2622 268 2717 cupiunt,
293 2620 562 2717 adipiscendum
586 2644 694 2717 prope
718 2622 940 2693 necessarias.
968 2622 1060 2693 Nam
1086 2629 1119 2693 et
1140 2619 1221 2693 sub·
1249 2642 1297 2693 ast

103 2731 169 2804 itae
199 2732 247 2805 ad
279 2730 473 2828 propositas
505 2755 626 2803 causas
655 2730 939 2817 exercitationes,
965 2739 1000 2803 et
1048 2736 1226 2804 accuratae
1292 2782 1296 2789 .

106 2848 138 2912 et
161 2841 349 2913 meditatae
374 2840 706 2925 commentationes,
732 2865 771 2912 ac
796 2840 898 2913 stilus
919 2841 978 2912 ille
991 2849 1095 2927 tuus,
1121 2863 1227 2936 quem

106 2959 250 3023 iuvere
275 2949 396 3023 dixisti
417 2949 645 3044 perfectorem
672 2948 813 3020 dicendi
835 2973 910 3021 esse
937 2974 976 3020 ac
1002 2951 1228 3046 magistrum,

106 3060 205 3133 multi
244 3059 385 3130 sudoris
418 3067 491 3144 est3
527 3065 562 3129 et
595 3057 655 3130 illa
685 3058 852 3130 orationis
877 3083 960 3130 suae
984 3084 1065 3132 cum
1090 3057 1229 3154 scriptis

106 3169 226 3241 alienis
253 3167 487 3264 comparati0,
514 3175 548 3238 et
572 3166 616 3238 de
640 3167 754 3239 alieno
780 3168 910 3264 scripto
928 3167 1062 3254 subita,
1088 3168 1229 3240 vellau-

105 3277 211 3351 dandi
248 3278 304 3348 vel
340 3275 561 3372 vituperandi
598 3277 651 3347 vel
685 3275 937 3372 comprobandi
970 3277 1024 3348 vel
1049 3276 1231 3349 refellendi
1291 3374 1293 3377 Υ

106 3598 192 3646 vniat?
211 3595 345 3658 Quidquid
358 3595 403 3654 sit,
425 3597 476 3643 iter
490 3596 516 3642 h.
530 3597 548 3644 1.
563 3611 643 3645 ecor-
694 3595 799 3655 obiecti,
817 3599 972 3659 multumque
986 3597 1111 3645 diversum
1125 3602 1164 3645 est
1176 3611 1232 3648 rec·
1252 3583 1259 3599 ⁶

106 3677 201 3738 raptata
229 3680 316 3724 ortum
343 3679 393 3722 est:
422 3675 519 3722 nullum
544 3675 646 3738 cogitari
696 3676 879 3733 tametadiam,
892 3689 975 3737 supra,
990 3677 1052 3734 599,
1068 3676 1234 3734 etCoel.§24

106 3759 185 3815 potest
203 3756 258 3802 iter
278 3752 446 3814 antiquitatis.
487 3753 578 3802 Melius
598 3755 648 3802 iter
695 3754 834 3804 rectissima
851 3754 936 3802 stadia
954 3767 1011 3802 cum
1025 3755 1125 3814 optimis
1138 3755 1235 3802 artibus

106 3831 286 3893 disputationis
302 3831 392 3879 dicitur
405 3832 440 3880 Il.
456 3835 468 3890 ξ
483 3833 540 3880 234.
648 3841 653 3850 “
695 3833 840 3895 iunguntur.
875 3832 1056 3895 corrigendum
1069 3832 1195 3893 suspicor,
1210 3833 1236 3878 ia

136 3913 244 3958 etiamsi
258 3909 388 3958 adiuvant.
408 3909 456 3956 Vix
462 3909 607 3969 terendum,
621 3915 649 3958 ut
697 3911 762 3958 omni
775 3913 845 3958 recto
855 3911 939 3958 stadio
951 3911 1123 3959 hamanitatis.

106 3988 184 4046 dicat,
198 3988 337 4036 mutuabor
349 3989 424 4034 etiam
436 3989 459 4035 ai
475 3989 609 4037 adiuvant:
625 3992 650 4037 ct
731 4002 779 4036 aaa
792 3989 830 4036 ita
840 3989 946 4036 maltam
955 3989 1099 4049 opatiimiii
1106 3988 1236 4048 aabaeaif

104 4065 401 4132 corrigendum'videtur,
416 4066 650 4127 quaeadiaaaat.-
699 4067 798 4114 dentur.
833 4066 933 4128 Requiri
953 4072 1014 4128 puto
1029 4067 1141 4114 nomiari
1153 4066 1237 4115 videa·

106 4147 179 4204 Mox,
194 4146 345 4202 mutuabor,
367 4143 497 4204 qnoniam,
512 4149 540 4193 ut
554 4159 567 4193 e
581 4159 649 4206 seqq.
700 4145 756 4203 tar,
770 4144 887 4206 quoniam
900 4145 962 4192 haec
975 4145 1007 4193 ad
1020 4149 1154 4207 praecepta
1167 4143 1236 4191 insti·

105 4231 217 4286 apparet,
232 4225 268 4272 de
282 4223 477 4271 adolescentium
491 4223 586 4281 studiis,
600 4238 650 4271 non
699 4223 785 4272 tuendi
798 4223 902 4271 oratoris
913 4223 1066 4272 referuntur,

105 4303 136 4350 de
155 4318 182 4351 se
202 4301 334 4364 loquitar,
348 4299 452 4350 fortasse
465 4302 611 4350 mutandum
624 4301 651 4350 in
734 4303 791 4350 258.
813 4301 878 4349 iliad
889 4315 946 4351 vero
957 4329 992 4338 -
1003 4301 1038 4348 ad
1044 4301 1238 4349 cohortandam.-

104 4382 302 4429 mutuabantur.
700 4380 797 4428 aalairti
817 4381 882 4428 caim
905 4405 947 4427 -.
969 4383 1052 4438 Quum
1071 4383 1144 4427 antea
1164 4378 1240 4438 plena

136 4459 163 4506 ia
183 4460 254 4510 omni
273 4460 344 4506 recto
356 4457 439 4506 stadio
452 4459 527 4521 atque
540 4457 651 4506 mimant-
700 4457 857 4506 distinctione
876 4462 933 4519 post
946 4457 1122 4506 cohortandam
1135 4460 1235 4503 uteren-

105 4539 157 4586 tate
177 4539 326 4586 versentur.
360 4537 417 4584 Non
438 4535 487 4584 dici
505 4550 578 4598 posse
592 4551 652 4585 con·
700 4537 876 4594 turuditores,
891 4535 955 4593 dixi,
969 4536 1093 4594 admi,
1109 4533 1241 4596 qnarehoc

104 4617 180 4666 tendo
202 4617 232 4664 ia
247 4615 336 4664 etudio
348 4615 456 4672 versari,
471 4615 524 4662 sine
538 4615 652 4662 Genitivo
701 4614 874 4677 corrigendum
890 4619 961 4663 esset.
986 4614 1036 4661 Sed
1048 4613 1106 4670 illa,
1121 4612 1243 4674 qaodme·

1080 4703 1095 4748 8
