3242 5500
371 526 417 596 54
710 545 824 594 urana
850 545 1000 593 enimus
1028 527 1047 606 §
1073 525 1154 594 126.

21 623 82 748 [fa
106 645 278 736 demvm
304 683 325 700 “
338 661 375 692 ⁹⁴⁴

371 715 521 786 maxime
533 716 676 810 probavi
690 740 869 788 summurn
881 715 982 786 illum
995 714 1188 798 doctorem,
1212 711 1498 817 Qensem

21 807 96 906 rab
122 806 280 913 [mm
372 823 621 920 Apollonium,
660 826 741 921 qui,
774 849 886 922 quum
914 824 1074 896 mercede
1099 824 1257 906 doceret,
1283 830 1401 893 tamen
1427 845 1498 892 non

371 931 569 1029 patiebatur
593 957 671 1020 eoa,
699 959 787 1030 quos
812 932 989 1005 iudicabat
1018 957 1089 1004 non
1114 957 1217 1029 posse
1241 926 1408 1026 [oratores
1420 953 1497 1000 eva-

372 1037 494 1135 dere],
518 1066 658 1138 operam
679 1043 774 1139 apud
800 1067 875 1114 sese
887 1041 1052 1138 perdere,
1071 1039 1359 1135 dimittebatque,
1382 1046 1436 1124 et,
1454 1038 1500 1108 ad

371 1173 477 1246 quarn
503 1173 678 1246 quemque
702 1159 810 1224 artem
836 1150 984 1247 putabat
1008 1175 1085 1222 esse
1104 1159 1249 1247 aptum,
1273 1148 1320 1220 ad
1341 1147 1496 1219 eamim-

302 1284 346 1334 rar
372 1259 501 1356 pellere
524 1266 629 1354 atque
654 1260 784 1332 hortari
811 1259 955 1332 solebat.
1009 1259 1099 1332 Satis
1124 1266 1178 1331 est
1202 1259 1297 1330 enirn
1317 1257 1356 1328 in
1373 1257 1498 1328 ceteris

371 1367 526 1440 artificiis
551 1363 817 1464 [percipiendis]
842 1367 1086 1440 tantummodo
1110 1367 1260 1439 similem
1285 1390 1361 1438 esse
1385 1365 1498 1436 horni-

373 1477 446 1562 1113,
469 1484 504 1548 et
516 1476 569 1562 id,
584 1477 679 1572 quod
692 1477 860 1563 tradatur,
879 1477 933 1549 vel
946 1477 1051 1548 etiarn
1064 1477 1259 1548 inculcetur
1270 1475 1301 1546 si
1315 1473 1396 1569 quis
1408 1473 1499 1545 forte

375 1585 420 1657 sit
446 1585 595 1671 tardior,
620 1610 722 1682 posse
742 1587 921 1682 percipere
940 1586 1058 1658 animo
1075 1593 1111 1657 et
1123 1584 1290 1656 memoria
1301 1582 1498 1654 custodire:

374 1719 445 1766 non
465 1695 646 1788 quaeritur
666 1694 843 1768 mobilitas
861 1695 1020 1790 linguae,
1042 1718 1113 1767 non
1125 1694 1283 1766 celeritas
1295 1691 1499 1776 verborum,

374 1827 445 1874 non
470 1803 623 1898 denique
647 1829 707 1891 aa,
733 1829 824 1900 quae
843 1804 946 1877 nobis
967 1828 1038 1876 non
1062 1827 1250 1899 possumus
1271 1803 1423 1896 fingere,
1447 1802 1499 1872 fa-

374 1913 464 1997 cies,
496 1911 632 1999 vultus,
658 1938 776 1986 sonus.
829 1913 873 1985 In
898 1922 1033 1985 oratore
1057 1920 1176 1984 autern
1199 1935 1346 1983 acumen
1371 1910 1500 1983 dialec-

303 2045 348 2092 1as
375 2022 538 2107 ticorum,
565 2022 758 2094 sententiae
782 2021 1092 2118 philosophorum,
1117 2020 1222 2093 verba
1244 2044 1354 2116 prope
1376 2025 1499 2115 poeta·

374 2155 473 2216 rurn,
510 2132 677 2204 memoria
713 2131 800 2204 iuris
836 2132 1097 2216 consultorum,
1130 2155 1196 2202 vox
1229 2127 1499 2224 tragoedorum,

376 2247 496 2336 gestus
509 2265 620 2336 paene
634 2263 851 2312 summorum
863 2249 1020 2313 actorum
1033 2248 1086 2312 est
1097 2237 1340 2334 requirendus.
1365 2239 1500 2314 Quam·

376 2348 496 2421 obrem
521 2348 610 2420 nihil
634 2349 671 2420 in
695 2348 880 2421 hominurn
905 2373 1032 2444 genere
1056 2349 1167 2421 rarius
1191 2347 1345 2442 perfecto
1365 2352 1501 2417 oratore

377 2459 525 2530 inveniri
553 2465 688 2554 potest:
724 2482 815 2553 quae
847 2459 941 2530 enim
967 2457 1187 2553 singularum
1210 2479 1327 2527 rerum
1351 2456 1500 2527 artifices

377 2567 517 2662 singule
550 2567 579 2638 si
610 2566 831 2640 mediocriter
854 2568 974 2664 adepti
998 2576 1103 2652 sunt,
1129 2565 1340 2662 probantur,
1367 2589 1408 2636 ea
1431 2565 1502 2636 nisi

379 2677 496 2749 omnia
520 2700 657 2749 summa
682 2676 826 2749 suntin
852 2684 1006 2763 oratore,
1032 2675 1172 2772 probari
1196 2701 1267 2748 non
1292 2683 1418 2771 potest.

309 2795 354 2844 rao
429 2787 520 2858 Turn
553 2786 720 2871 Cressae,
755 2784 868 2882 Atqui
901 2787 1001 2873 vide,
1028 2786 1165 2881 inquit,
1191 2786 1228 2857 in
1252 2784 1399 2857 artificio
1423 2808 1502 2880 per·

379 2920 485 2991 quarn
521 2894 620 2966 tenui
656 2902 691 2966 et
727 2895 793 2966 levi
831 2905 961 2990 quanto
997 2896 1078 2991 plus
1114 2893 1322 2966 adhibeatur
1354 2892 1503 2987 diligen-

376 3005 464 3090 tiae,
512 3028 618 3098 quarn
662 3005 699 3074 in
744 3001 812 3075 hac'
852 3029 912 3089 rc,
958 3029 1065 3099 quam
1105 3010 1240 3074 constat
1283 3027 1358 3074 esse
1394 3003 1504 3073 maxi-

414 3193 916 3255 l2i.iaceterisartiflciis[perctpierrdie]
968 3195 1136 3255 Opponuntur
1155 3194 1219 3241 inter
1233 3207 1259 3240 se
1273 3206 1323 3240 non
1336 3194 1505 3256 crapulamur,

379 3274 543 3321 Assenserunt
562 3271 688 3319 novissimi
701 3272 828 3330 Editores,
843 3287 919 3333 quum
967 3273 1012 3321 sed
1031 3275 1171 3320 ceterarum
1190 3297 1224 3308 -
1236 3271 1359 3333 artffires,
1374 3276 1400 3319 et
1412 3274 1505 3319 orator.

379 3350 494 3397 dixissem
507 3349 551 3397 illa
563 3349 754 3411 interpolatione
765 3350 918 3399 liberandam
968 3351 1069 3409 Quoties
1090 3366 1130 3397 rer
1149 3354 1175 3397 et
1194 3364 1237 3397 ars
1254 3349 1280 3396 in
1294 3348 1362 3398 libris
1375 3350 1436 3398 vitio
1449 3365 1504 3411 per·

379 3428 516 3476 orationem
528 3441 589 3476 esse.
608 3428 802 3491 intelligendum
810 3433 855 3487 est,
868 3445 919 3477 non
967 3433 1061 3477 munta
1080 3428 1144 3485 sint,
1166 3442 1240 3490 supra
1256 3428 1376 3476 vidimus:
1398 3443 1447 3476 nec
1461 3429 1506 3476 du·

379 3510 475 3554 tanturn
494 3510 596 3568 propter
617 3520 722 3567 sequens
737 3507 868 3567 percipere
884 3507 919 3555 ita
966 3505 1019 3555 bito
1031 3507 1100 3564 fere,
1116 3507 1174 3567 quin
1188 3521 1260 3563 mox,
1277 3512 1289 3565 ξ
1304 3508 1364 3565 129,
1378 3507 1504 3570 corrigen-

379 3584 565 3646 corrigendum,
581 3585 625 3634 sed
638 3586 706 3646 quod
716 3585 796 3645 ipsum
808 3585 919 3647 ariiyier'u
967 3586 1027 3633 dum
1040 3585 1083 3642 sit,
1098 3585 1124 3632 ia
1138 3585 1182 3632 lure
1195 3587 1260 3632 arte.
1275 3587 1358 3643 Quum
1365 3586 1506 3644 probantur

375 3664 506 3723 percipere
522 3664 591 3711 nuile
604 3663 699 3711 ratione
713 3662 814 3711 defendi
827 3667 918 3724 potest.
967 3678 1018 3711 non
1038 3663 1070 3710 ad
1087 3661 1296 3724 praescidatur,
1310 3662 1355 3709 sed
1369 3663 1423 3710 eius
1437 3661 1504 3710 verbi

407 3740 507 3801 facies,
525 3744 624 3797 cultus,
638 3756 719 3789 eorus.
755 3742 785 3788 in
799 3740 919 3789 eiusmodi
967 3742 1078 3807 artifices
1103 3740 1241 3789 subiectum
1261 3740 1306 3799 sit,
1328 3740 1362 3789 ita
1382 3740 1408 3788 in
1429 3742 1505 3789 altera

379 3816 502 3866 bonorum
510 3823 667 3867 externorum
675 3819 861 3867 enumeratione
868 3834 919 3866 non
967 3824 1037 3881 parte
1051 3820 1201 3876 sententiae,
1215 3820 1241 3866 in
1255 3833 1304 3879 qua
1316 3818 1455 3867 subiectum
1468 3826 1505 3868 ert

381 3895 481 3943 memini
499 3910 601 3957 usquam
610 3896 707 3957 faciem
720 3898 856 3958 appellari,
875 3897 919 3945 sed
967 3898 1064 3956 orator,
1087 3898 1261 3961 corrigendum
1281 3897 1329 3946 fuit
1340 3899 1446 3958 probari
1458 3913 1505 3947 nou

381 3974 480 4035 proprie
494 3974 622 4034 aliquoties
635 3975 727 4034 species
738 3976 851 4036 ponitur,
865 3975 881 4024 i.
896 3990 918 4023 e.
963 3977 1063 4037 poteri,
1077 3991 1122 4037 pro
1136 3975 1255 4024 librorum
1268 3976 1375 4025 lectione
1382 3979 1503 4037 possunt,

392 4066 473 4099 orma:
489 4050 556 4099 coni.
569 4051 646 4110 infra,
662 4056 674 4110 ξ
690 4054 735 4101 131
751 4054 794 4101 fin.
802 4066 840 4113 sq.
848 4054 918 4101 Brut.
967 4055 1041 4115 idque
1060 4054 1185 4102 novissimi
1204 4054 1316 4102 Editores
1335 4058 1504 4116 suscepenmt.

369 4132 462 4188 ¹§2242
475 4128 549 4187 infra,
563 4131 640 4188 slas,
652 4130 918 4193 totumcorparappei·
968 4133 1062 4181 Eadem
1081 4132 1161 4181 forma
1182 4137 1294 4182 servatur
1307 4133 1356 4180 111.
1372 4138 1385 4191 ξ
1399 4134 1447 4190 20,
1461 4134 1504 4179 fin.

381 4209 455 4255 latin.
489 4208 610 4269 Equidem
624 4211 716 4269 speeies
729 4209 755 4257 h.
769 4210 787 4256 1.
801 4208 918 4259 substitu·
968 4216 994 4261 et
1013 4212 1072 4273 Opt.
1088 4214 1151 4259 Gen.
1166 4212 1234 4260 Orat.
1251 4216 1263 4269 ξ
1278 4212 1292 4258 6
1307 4210 1381 4259 Conf.
1396 4211 1466 4259 Offic.
1482 4210 1504 4257 I.

383 4300 450 4333 erem
468 4286 578 4349 vulgato.
971 4290 1010 4339 17.
1033 4290 1076 4347 10,
1095 4304 1153 4337 cum
1169 4289 1328 4337 annotatione
1342 4288 1505 4351 Heusingeri,

417 4365 472 4413 128.
498 4379 560 4426 quae
583 4366 647 4413 euim
665 4366 818 4428 rirrpularum
836 4381 920 4413 reram
969 4367 1087 4429 quibene
1101 4367 1213 4416 defendit
1226 4368 1353 4415 Passivnm
1363 4368 1504 4416 aumas·

382 4443 491 4504 artifices
497 4472 530 4480 —
532 4444 682 4504 probantur.
695 4444 835 4493 certissime
843 4445 918 4492 corri·
971 4449 1026 4502 tar,
1040 4451 1142 4507 propter
1155 4444 1291 4495 subiectum
1309 4449 1438 4493 mutatum.

382 4520 505 4581 gendum,
528 4525 666 4570 ceterarum
686 4524 779 4570 artium
800 4523 919 4585 artifices,
1005 4526 1060 4573 129.
1085 4525 1149 4572 uitii
1172 4524 1209 4571 ert
1235 4525 1299 4572 enim
1327 4527 1377 4571 tam
1402 4525 1504 4590 iurique.
