3242 5500
518 499 796 592 nrann'rarnns
823 524 842 604 §
867 521 924 593 al.
1235 524 1281 594 37

154 714 286 786 versari
319 737 457 809 semper
486 711 651 785 omnibus
680 713 717 784 in
747 711 997 809 disputando),
1025 715 1086 787 sed
1107 739 1188 788 cum
1208 739 1280 786 ma·

156 824 252 896 xime
290 831 408 895 tamen
446 823 512 895 hoc
549 821 793 919 significabat,
826 847 909 911 eos,
943 823 1005 920 qui
1038 822 1192 897 rhetores
1218 849 1280 896 no·

155 933 402 1020 minarentur,
443 940 478 1005 et
504 931 564 1028 qui
590 931 731 1004 dicendi
754 941 939 1028 praecepta
964 933 1167 1020 traderent,
1193 933 1283 1006 nihil

155 1043 263 1139 plane
285 1050 425 1128 tenere,
451 1066 566 1138 neque
595 1066 698 1138 posse
723 1066 938 1138 quemquam
962 1043 1165 1115 facultatem
1189 1068 1281 1115 asse-

156 1151 222 1247 qui
247 1151 404 1237 dicendi,
430 1150 499 1224 nisi
525 1151 586 1246 qui
610 1150 899 1247 philosophorum
923 1155 1066 1225 inventa
1090 1151 1279 1226 didicisset.

207 1260 448 1357 Disputabant
484 1269 605 1334 contra
640 1261 760 1333 diserti
785 1260 963 1349 homines,
993 1257 1277 1358 [Athenienses]
1310 1268 1354 1337 18

155 1379 195 1444 61
223 1371 260 1444 iu
289 1394 327 1442 re
355 1369 497 1470 publica
522 1370 707 1466 causisque
731 1370 881 1456 versati,
908 1371 945 1442 in
971 1371 1053 1467 quis
1078 1380 1151 1444 6111
1175 1373 1281 1444 etiam
1324 1382 1355 1427 ⁸⁵

154 1481 213 1567 is,
239 1480 302 1576 qui
326 1504 439 1576 nuper
462 1479 595 1553 Romae
620 1479 712 1566 fuit,
739 1478 995 1568 Menedemus,
1021 1481 1148 1578 hospes
1164 1506 1280 1568 meus,

155 1589 221 1686 qui
247 1613 358 1686 quum
383 1590 513 1662 diceret
539 1614 614 1662 6116
639 1588 817 1685 quandam
838 1590 1079 1685 prudentiam,
1103 1615 1192 1687 quae
1206 1617 1280 1663 161·

155 1707 294 1773 seretur
330 1698 367 1771 in
400 1698 652 1796 perspiciendis
677 1699 872 1772 rationibus
897 1700 1222 1774 constituendarum
1247 1709 1282 1773 et

153 1809 393 1907 regendarum
406 1833 522 1882 rerum
535 1807 773 1905 publicarum,
792 1809 1010 1891 excitabatur
1022 1809 1126 1883 homo
1139 1835 1279 1906 promp-

154 1929 217 1992 tus
244 1926 278 1991 et
302 1919 399 1991 omni
423 1918 609 1992 abundans
635 1919 816 2006 doctrina,
843 1928 878 1992 et
903 1919 1056 2017 quadam
1083 1919 1281 1993 incredibili

154 2029 325 2102 varietate
349 2053 466 2101 rerum
492 2037 526 2102 et
551 2029 672 2125 copia:
701 2053 823 2102 omnes
848 2030 942 2102 enim
966 2040 1082 2127 partes
1107 2030 1202 2102 illius
1226 2029 1280 2125 ip·

155 2139 232 2212 sius
269 2138 478 2235 prudentiae
514 2138 684 2236 petendas
721 2163 796 2211 esse
826 2163 846 2210 a
871 2139 1092 2236 philosophia
1117 2138 1279 2225 dicebat,

154 2273 275 2344 neque
305 2272 368 2335 66,
396 2273 485 2345 quae
516 2256 753 2321 statuerentur
780 2248 818 2320 in
847 2273 884 2320 re
908 2248 1050 2345 publica
1069 2249 1113 2320 de
1130 2249 1198 2321 diis
1214 2249 1279 2321 im·

153 2357 388 2444 mortalibus,
427 2357 471 2428 de
508 2358 692 2453 disciplina
728 2357 944 2445 iuventutis,
983 2359 1027 2431 de
1051 2357 1210 2444 iustitia,
1238 2357 1282 2428 de

153 2466 352 2564 patientia,
391 2466 435 2540 de
472 2467 727 2563 temperantia,
759 2467 803 2539 de
828 2467 932 2540 modo
956 2492 1073 2541 rerum
1097 2467 1280 2554 omnium,

153 2585 367 2673 ceteraque,
407 2577 483 2650 sine
521 2576 651 2672 quibus
688 2575 845 2650 civitates
881 2585 943 2650 aut
980 2601 1071 2664 esse,
1106 2585 1167 2650 aut
1192 2576 1282 2649 bene

153 2695 311 2761 moratae
348 2711 424 2761 esse
453 2711 524 2760 non
554 2695 715 2784 possent,
747 2711 898 2783 usquam
926 2686 964 2761 in
990 2711 1110 2761 eorum
1135 2686 1283 2760 inveniri

153 2796 304 2872 libellis:
344 2798 440 2893 quod
478 2798 507 2869 si
543 2807 678 2871 tantam
715 2795 786 2869 vim
811 2822 928 2871 rerum
953 2797 1184 2871 maximarum
1208 2806 1282 2869 arte
1324 2816 1355 2861 86

154 2932 220 2981 sua
262 2902 457 3002 [Rhetorici
493 2907 546 2979 illi
575 2902 749 3003 doctores]
782 2908 1112 3004 complecterentur,
1138 2930 1281 3003 quaere·

188 3147 295 3195 dicebat.
329 3146 454 3195 Revocavi
467 3147 532 3194 hanc
545 3146 692 3206 lectionem,
743 3147 816 3196 turici
829 3148 1002 3212 illimapiatri.
1037 3148 1086 3196 Sed
1099 3148 1278 3210 haecipsaap·

152 3240 233 3289 quum
244 3226 321 3288 vulgo
333 3224 459 3273 edisoleat
467 3226 575 3283 docebat,
590 3224 693 3286 quodab
741 3226 857 3287 pellatio,
883 3241 959 3286 quum
986 3240 1040 3273 eam
1059 3226 1202 3274 conferrem
1222 3242 1279 3275 cum

152 3301 692 3353 11116111111611111611111111.
742 3302 916 3365 superioribus,
930 3309 941 3361 5
956 3307 996 3361 84,
1009 3303 1064 3368 (qui
1077 3304 1188 3352 rhetores
1201 3307 1278 3353 nemi-

187 3396 292 3443 urquom
317 3383 345 3431 in
368 3396 452 3430 eorum
472 3382 577 3429 inveniri
597 3382 694 3429 libellis.
742 3381 1279 3445 narentur)dubitationemdeveralecticne

153 3459 693 3523 explicareconafismtundoctt,qu0rsum
742 3461 867 3509 excitavit:
886 3476 1010 3523 quumque
1028 3462 1108 3523 ipsum
1121 3461 1278 3510 Adiectivum

151 3540 219 3588 illud
239 3541 314 3588 Pron.
334 3553 417 3587 comm
441 3544 505 3587 esset
520 3538 692 3597 referendum,
741 3538 881 3587 rhetoricen
890 3539 1024 3600 improprie
1034 3539 1104 3602 iungi
1115 3539 1278 3587 existimarem

152 3633 232 3683 nuum
252 3619 334 3666 nullos
351 3617 502 3666 Charmadas
516 3631 692 3667 commemora·
742 3631 798 3665 enm
809 3616 1279 3681 manistrinomine,(quamquamrecte

65 3742 67 3749 ,
151 3697 243 3745 visset:
267 3695 342 3759 igitur
365 3710 396 3744 ex
415 3696 527 3744 anteced.
544 3697 694 3756 prudentiae
742 3694 856 3743 dicentur
869 3694 1150 3756 rhetorieapraeeepta,
1165 3698 1278 3745 6111116-

151 3774 331 3837 intelligendos
345 3788 398 3823 esse
405 3775 566 3822 dixeruntvel
574 3776 692 3833 rhetores,
742 3775 789 3821 rici
817 3770 906 3836 libelli)
929 3772 991 3820 nihil
1011 3772 1069 3821 huic
1087 3774 1148 3823 vitio
1166 3775 1279 3824 tollendo

151 3855 195 3902 vel
204 3852 352 3914 prudenter.
383 3854 559 3913 Praeterquam
572 3852 694 3915 quodilla
742 3852 822 3913 aptius
848 3851 958 3909 videtur,
987 3866 1061 3913 qnam
1080 3858 1161 3902 totum
1179 3856 1277 3911 locum,

151 3930 326 3993 interpretatio
336 3932 363 3979 in
374 3931 421 3980 hac
433 3932 528 3992 syntaxi
534 3930 692 3983 nimiaauda·
742 3930 820 3978 eiecto
838 3928 1000 3988 emblemate,
1021 3931 1057 3979 sic
1070 3933 1231 3981 constituere:
1245 3960 1279 3969 —

152 4011 191 4059 cia
203 4014 302 4073 peccat,
317 4010 440 4067 nonsatis,
453 4010 691 4071 quieautuntru,at·
741 4024 844 4070 ucquam
865 4010 891 4056 in
911 4009 1037 4058 rheteum
1057 4011 1162 4059 inveniri
1175 4012 1278 4070 libellis,

151 4089 270 4146 tendunt,
277 4088 453 4137 Menedemum
460 4090 535 4136 modo
540 4089 609 4136 illam
614 4088 693 4153 ipsam
742 4089 784 4149 qui
804 4088 827 4135 ai
848 4090 943 4135 tantam
956 4088 1004 4136 vim
1017 4102 1101 4136 rernm
1114 4090 1279 4138 maximarum

151 4166 313 4230 prudentiam
324 4164 461 4215 oratoribus
468 4166 630 4223 concessisse,
642 4182 692 4215 non
741 4170 797 4214 arte
812 4181 857 4214 aua
870 4168 1090 4226 complecterentur
1099 4192 1141 4214 —.

150 4244 319 4295 vindicarisse
329 4244 478 4295 rhetoribus.
497 4246 612 4303 Accedit,
627 4246 694 4306 quod
777 4246 817 4295 86.
838 4244 1057 4307 [reomaense]
1074 4245 1277 4294 Putidehaecin-

151 4326 224 4373 nulla
249 4337 323 4372 causa
343 4329 396 4372 erat
416 4338 460 4372 cur
479 4338 547 4372 nunc
564 4324 694 4386 perspicua
743 4323 1278 4385 culeatasuntpostsuperiora,eornmlibrr‘.

152 4402 293 4465 designatio
306 4402 473 4461 omitteretur,
487 4400 618 4453 substituto
632 4404 693 4451 Pro·
776 4402 807 4450 de
820 4402 960 4451 deitatibus
971 4403 1157 4450 eomtr'tuenetia.
1171 4405 1279 4464 Hocpo-

152 4481 265 4539 nomine,
279 4468 374 4539 6111111,
388 4482 414 4529 in
427 4482 464 4542 iis,
477 4479 693 4544 quaestatimsub·
742 4480 790 4529 tius
804 4481 876 4538 duxi,
890 4495 964 4541 quam
977 4481 1045 4542 quod
1057 4480 1099 4528 alii
1108 4479 1166 4529 libri
1172 4480 1278 4540 habent,

153 4560 282 4619 iicinntirr,
297 4560 428 4625 diligenter
439 4562 624 4623 appellarentur
638 4560 693 4607 rlre·
744 4560 920 4608 instituendis:
948 4558 980 4606 cf.
1004 4560 1063 4617 §33
1077 4560 1156 4609 1136.
1185 4561 1279 4609 Eadem
