3242 5500
455 552 568 603 arana
596 553 733 601 sarnus
760 534 778 615 §
804 534 886 602 201.
1183 533 1229 605 87

113 730 161 795 est
173 755 182 808 ;
217 723 267 794 sic
292 723 329 794 iu
352 722 466 795 causis
488 722 639 818 publicis
664 721 896 808 iudiciorum,
921 722 1145 808 contionum,
1178 746 1229 796 se·

112 840 232 918 natus,
263 832 378 905 omnis
411 832 496 905 haec
521 839 556 904 et
580 830 801 926 antiquitatis
826 830 1012 916 memoria,
1038 838 1073 903 et
1097 830 1231 926 publici

111 941 192 1013 iuris
214 940 425 1027 auctoritas,
450 949 485 1012 et
510 939 684 1035 regendae
708 940 757 1012 rei
782 939 944 1035 publicae
966 939 1105 1011 ratioac
1118 938 1229 1011 scien·

111 1051 177 1135 tia,
210 1058 379 1145 tanquam
404 1049 521 1145 aliqua
545 1048 706 1123 materies
732 1044 801 1144 ei[s
824 1047 1041 1135 oratoribus,
1069 1047 1132 1143 qui
1156 1073 1231 1121 ver·

112 1168 229 1232 santur
265 1159 302 1230 in
336 1153 554 1254 republica,]
583 1157 739 1231 subiecta
763 1182 839 1231 esse
863 1152 978 1230 debet.
1032 1158 1114 1228 Nou
1136 1157 1231 1229 enim
1257 1180 1306 1226 aaa

112 1267 322 1341 causidicum
354 1268 472 1341 nescio
507 1292 635 1363 quem,
673 1291 788 1362 neque
820 1266 1065 1351 clamatorem,
1091 1274 1152 1339 aut
1176 1291 1230 1339 ra·

111 1377 226 1449 balam
247 1376 313 1449 hoc
337 1401 495 1451 sermone
516 1380 635 1448 nostro
657 1374 910 1471 conquirimus,
932 1374 1232 1462 sedeumvirum,

112 1487 169 1583 qui
192 1486 347 1581 primum
372 1487 417 1559 sit
442 1486 517 1558 eius
542 1485 626 1557 artis
651 1485 820 1571 antistes,
845 1484 945 1557 cuius
960 1508 1070 1580 quum
1082 1484 1159 1580 ipsa
1171 1508 1231 1557 na·

112 1606 185 1669 tura
208 1619 374 1691 magnam
400 1594 534 1667 homini
556 1594 757 1667 facultatem
778 1594 897 1679 daret,
918 1601 1037 1665 tamen
1059 1593 1233 1666 essedeus

111 1712 266 1800 putatur;
289 1712 331 1777 ut
354 1704 392 1777 id
414 1704 547 1800 ipsum,
572 1703 667 1799 quod
692 1712 764 1775 erat
785 1702 938 1775 hominis
950 1702 1147 1797 proprium,
1161 1726 1233 1775 non

112 1822 246 1909 partum
278 1838 340 1909 per
371 1838 455 1900 nos,
483 1812 545 1885 sed
568 1812 736 1885 divinitus
760 1811 806 1884 ad
830 1835 894 1883 nos
919 1811 1077 1883 delatum
1102 1811 1233 1885 videre·

112 1930 183 1995 tur:
209 1921 357 2009 deinde,
383 1921 444 2018 qui
456 1921 587 2018 possit,
610 1945 681 1994 non
694 1927 766 1993 tam
779 1919 949 2005 caduceo,
973 1920 1235 2015 quamnominc

112 2032 249 2103 oratoris
282 2038 448 2117 ornatuS,
481 2030 666 2103 incolumis
692 2030 748 2102 vel
772 2029 864 2103 inter
887 2027 1042 2101 hostium
1066 2029 1138 2101 tela
1160 2052 1235 2103 ver·

112 2141 193 2212 sari:
219 2150 319 2227 tum,
343 2139 405 2236 qui
416 2139 527 2213 scelus
549 2138 778 2235 fraudemque
790 2138 950 2210 nocentis
963 2138 1074 2234 possit
1085 2139 1234 2213 dicendo

113 2248 279 2322 subiicere
303 2249 383 2322 odio
405 2248 553 2334 civium,
580 2248 824 2344 supplicioque
843 2247 1104 2340 constringere,
1123 2247 1233 2322 idem·

113 2382 196 2452 que,
232 2358 370 2452 ingenii
404 2357 598 2453 praesidio,
628 2356 864 2430 innocentiam
885 2355 1098 2429 iudiciorum
1123 2381 1235 2452 poena

112 2466 275 2553 liberare,
310 2467 475 2563 idemque
511 2467 739 2562 languentem
778 2465 1027 2559 labantemque
1063 2466 1234 2562 populum

113 2584 169 2647 aut
196 2576 241 2649 ad
266 2576 374 2649 decus
399 2575 567 2661 excitare,
591 2585 652 2649 aut
677 2574 721 2647 ab
747 2599 860 2647 errore
883 2574 1075 2660 deducere,
1101 2582 1162 2647 aut
1180 2575 1234 2647 in·

112 2685 286 2758 flammare
310 2686 348 2758 in
373 2683 572 2781 improbos,
603 2692 664 2758 aut
684 2684 869 2758 incitatum
882 2684 918 2758 in
931 2682 1043 2758 bonos
1055 2684 1232 2780 mitigare:

113 2795 170 2889 qui
192 2795 369 2891 denique,
394 2813 651 2890 quemcumque
675 2793 862 2866 inanimis
888 2793 1072 2866 hominum
1099 2802 1235 2866 motum

728 3083 894 3131 innocentiam
913 3082 1062 3131 iudiciorum
1077 3096 1160 3143 poena
1175 3083 1234 3132 lide·

695 3174 762 3209 rare.
810 3159 936 3218 Primum,
964 3160 1048 3209 nullae
1071 3161 1234 3220 iudiciorum,

142 3087 221 3134 taam
240 3099 295 3134 esse
315 3085 374 3132 mus
382 3086 500 3146 putarer.
534 3087 592 3134 Non
604 3099 647 3132 ac·

111 3162 171 3224 cipio
182 3163 230 3212 riri
244 3162 315 3212 docti
326 3163 468 3224 opinionem
479 3164 542 3212 haec
549 3163 584 3213 sic
591 3177 645 3211 cor-

110 3240 206 3304 rigentis
214 3276 221 3301 ,
241 3243 327 3290 tamen
343 3243 438 3290 dedices
454 3241 514 3292 deus
521 3242 646 3303 palatur,

111 3319 221 3380 quoniam
239 3321 278 3369 his
292 3319 380 3368 eadem
394 3319 534 3370 continetur
547 3324 647 3369 senten·

110 3398 156 3454 tia,
176 3403 250 3460 atque
264 3411 311 3457 ea,
329 3412 392 3459 quae
405 3399 489 3460 prodit
500 3399 527 3446 in
541 3412 645 3460 sequen-

109 3474 183 3534 tibus,
203 3476 326 3526 divinitae
344 3476 382 3538 'ad
396 3491 440 3526 aar
452 3477 569 3525 deiciam.
604 3477 645 3526 Pi·

110 3553 221 3612 daritim,
239 3556 284 3616 qui
298 3555 422 3618 corrigere
435 3556 523 3604 suadet
535 3557 587 3603 tam
601 3556 645 3603 ad·

105 3632 185 3692 subse
196 3633 258 3682 desa
266 3634 392 3694 patriar,
407 3634 532 3695 aliquanto
543 3633 646 3682 nimium

109 3710 190 3760 tribuit
203 3711 384 3770 Quinctiliano.
415 3712 535 3774 Madvigii
547 3712 644 3760 coniec-

110 3793 161 3836 tura
173 3791 232 3854 (Ep,
242 3790 306 3838 erit.
314 3804 341 3850 p.
350 3787 423 3850 106),
440 3790 646 3838 lameciccsaisse

109 3869 295 3928 amputatur,
309 3868 408 3930 longius
421 3867 577 3916 esententiae
585 3881 643 3916 con·

110 3945 159 3993 silio
173 3946 288 3994 discedit.
306 3947 363 3996 Non
376 3950 470 3996 temeoe
481 3945 646 3996 mihividetur

110 4023 193 4073 Cicero
212 4029 340 4074 oratorem
361 4024 412 4073 eius
431 4023 490 4072 artis
506 4024 646 4072 antistitem

109 4104 283 4163 appellavisse,
298 4117 388 4164 nempe
401 4103 646 4152 aimoxexeodeum

109 4176 205 4226 iaceret
248 4182 409 4240 Quapropter
430 4179 541 4241 corrigo.
565 4181 646 4228 lamec

108 4254 156 4314 ipre
174 4258 236 4304 desa
250 4257 373 4317 putatur.
408 4258 477 4305 infra
498 4259 547 4308 ΙΙΙ.
569 4259 644 4315 553,

109 4335 599 4395 Μάεαηι-ἑηὶενήοωίηεερυέαπίΐ
612 4363 646 4371 -

109 4413 177 4471 Mox,
204 4413 346 4462 secuudum
373 4413 568 4476 Heusingerum,
589 4427 644 4462 cor·

107 4491 170 4549 rexi,
199 4494 229 4540 ut
258 4491 289 4539 id
316 4492 410 4552 basam,
439 4507 485 4552 pro
512 4495 541 4540 at
561 4495 586 4540 et
607 4491 644 4551 ip-

107 4581 165 4616 sum.

695 3239 739 3288 sed
758 3237 1236 3302 kpsmpoeacesuntzetfrmtnhoe

695 3319 838 3379 exemplum
850 3316 961 3378 suscepit
971 3315 1054 3366 Beier.
1066 3316 1177 3366 edOffie.
1185 3318 1234 3368 111.

696 3400 708 3454 5
723 3397 764 3446 36.
782 3397 859 3454 Tum,
872 3395 955 3458 ipsum
968 3394 1032 3442 illud
1041 3395 1236 3454 poenaltbemre

693 3473 750 3521 ideo
770 3473 887 3521 vitiosum
907 3477 960 3530 est,
978 3472 1046 3533 quod
1060 3472 1160 3520 liberari
1174 3472 1235 3520 dici·

694 3567 749 3600 mur
770 3566 814 3608 ec,
833 3551 860 3599 in
881 3565 930 3612 quo
950 3564 1091 3607 versamur,
1111 3550 1196 3609 itaque
1208 3551 1235 3598 in

694 3631 780 3678 eadem
793 3645 837 3687 re,
854 3643 944 3691 supra,
959 3633 971 3686 ξ
987 3630 1034 3686 32,
1048 3633 1116 3676 reete
1124 3627 1186 3676 dixit
1188 3641 1235 3688 pe·

694 3708 781 3756 riculis
794 3707 907 3755 liberare.
937 3707 1004 3756 Hine
1017 3706 1142 3768 suspicor,
1157 3706 1233 3754 corti·

693 3787 803 3848 gendum
823 3801 891 3843 esse,
911 3786 1076 3833 innocentiam
1095 3784 1186 3833 iudicio
1203 3785 1234 3830 a·-

693 3865 794 3922 hercre,
817 3869 845 3912 ut
864 3864 939 3912 modo
959 3863 1056 3912 dixerat
1075 3863 1108 3911 de
1120 3867 1233 3920 oratore,

692 3942 812 4004 supplicio
825 3943 1002 4003 coactricem.
1020 3940 1117 3990 Iudicio
1130 3941 1235 3989 liberm

694 4025 731 4070 est
744 4035 843 4082 quoque
856 4022 939 4068 Flacc.
953 4024 967 4078 t
982 4022 1023 4068 98.

727 4099 883 4164 lorspaenlem
912 4099 1083 4160 hiantemque
1104 4097 1233 4157 populum.

694 4175 1233 4239 ltaquumcorrexissemvulgdabenlemque,

694 4255 721 4320 (a
735 4254 857 4304 Lambino
870 4254 921 4303 ridi
928 4260 1077 4316 occupatum
1085 4252 1152 4315 esse)
1166 4253 1233 4312 quod

694 4335 743 4382 labi
768 4334 794 4382 in
819 4333 874 4395 ipso
897 4338 1000 4395 peccato
1020 4331 1123 4388 dicitur,
1150 4333 1233 4378 labare

694 4419 776 4461 autem
797 4411 886 4480 dicitur
906 4412 941 4468 is,
963 4410 1004 4471 qui
1019 4425 1069 4458 non
1083 4411 1167 4458 lirmm
1181 4413 1231 4466 est,

694 4491 738 4540 sed
758 4490 784 4538 in
801 4490 924 4538 deteriora
938 4488 1020 4549 coepit
1032 4487 1167 4543 inclinare,
1181 4502 1232 4535 non

693 4569 769 4619 secuti
784 4573 842 4616 sunt
855 4566 980 4616 novissimi
993 4565 1115 4614 Editores.
