3242 5500
324 534 393 603 132
655 554 767 602 uranu
794 553 986 602 arcuimus
1014 537 1032 617 §
1059 536 1119 603 30.

322 726 462 812 tendat,
490 751 599 821 quum
619 728 699 823 plus
724 750 795 797 uno
813 749 932 796 verum
950 749 1108 797 essenon
1123 726 1244 821 possit.
1278 725 1328 796 Ut
1340 726 1456 820 igitur

323 836 360 907 in
384 835 555 907 eiusmodi
578 860 634 922 re,
661 858 750 932 quae
773 833 955 907 mendacio
972 833 1056 905 nixa
1074 834 1135 920 sit,
1161 829 1267 930 [quae
1279 834 1326 906 ad
1339 834 1453 906 scien·

323 946 410 1017 tiam
435 969 505 1017 non
529 969 632 1042 saepe
657 938 874 1041 perveniat]
897 968 986 1039 quae
1002 943 1185 1040 opiniones
1199 944 1457 1030 hominum‚et

326 1078 428 1150 saepe
460 1078 591 1127 errores
623 1062 837 1150 aucupetur,
864 1053 1073 1139 italicam,
1100 1054 1129 1126 si
1150 1078 1293 1127 causam
1318 1053 1456 1149 putetis

325 1188 420 1249 esse,
446 1188 508 1236 cur
531 1165 692 1237 audiatis.

278 1281 299 1349 8
374 1274 448 1345 Nos
480 1298 579 1360 vere,
616 1282 651 1347 et
687 1272 787 1344 valde
818 1272 983 1367 quidem,
1010 1273 1158 1346 Catulus
1183 1272 1321 1369 inquit,
1349 1280 1455 1367 puta-

269 1410 299 1455 ar
326 1406 424 1469 mus,
460 1392 566 1479 atque
601 1407 641 1455 eo
676 1383 810 1477 magia,
848 1381 940 1477 quod
979 1383 1078 1454 nulla
1104 1382 1191 1454 mihi
1215 1382 1456 1456 ostentatione

326 1492 453 1565 videris
478 1516 553 1565 esse
579 1516 725 1565 usurus:
754 1516 896 1563 exorsus
921 1516 959 1563 es
983 1492 1077 1565 enim
1099 1517 1170 1563 non
1187 1492 1356 1588 gloriose,
1381 1514 1458 1563 ma·

270 1628 302 1673 32
327 1602 472 1697 gisque,
508 1610 547 1675 ut
588 1611 628 1674 tu
666 1609 788 1697 putas,
820 1624 841 1671 a
871 1602 1033 1686 veritate,
1060 1626 1165 1697 quam
1195 1626 1215 1672 a
1244 1601 1361 1673 neseio
1385 1625 1460 1696 qua

327 1711 513 1807 dignitate.
566 1710 615 1783 Ut
648 1711 758 1806 igitur
793 1710 838 1781 de
869 1710 946 1806 ipso
983 1734 1111 1806 genere
1144 1735 1224 1783 sum
1247 1710 1457 1797 confessus,

326 1820 445 1916 inquit
473 1819 672 1907 Antonius,
708 1829 820 1892 artem
849 1844 924 1892 esse
961 1844 1032 1891 non
1056 1821 1264 1906 maximem3
1292 1820 1342 1892 sie
1364 1819 1457 1896 illud

328 1930 479 2016 affirma,
505 1938 689 2025 praecepta
713 1954 815 2026 posse
839 1929 1011 2025 quaedam
1036 1929 1111 2001 dari
1134 1937 1299 2025 peracuta
1318 1930 1364 2001 ed
1377 1954 1460 2026 per·

329 2038 528 2113 tractandos
557 2040 693 2111 animos
722 2039 927 2125 hominum,
957 2047 992 2111 et
1018 2039 1063 2110 ad
1086 2038 1310 2134 excipiendas
1334 2064 1460 2113 eorum

329 2148 536 2221 voluntates,
589 2147 708 2220 Huius
732 2149 783 2220 rei
804 2143 1020 2243 [scientiam]
1041 2150 1071 2220 si
1084 2149 1164 2245 quis
1176 2149 1268 2221 volet
1289 2173 1460 2245 magnam

330 2256 507 2354 quendam
545 2265 653 2329 artem
678 2282 753 2330 esse
777 2258 912 2343 dicere,
950 2282 1022 2329 non
1047 2257 1271 2353 repugnabo:
1298 2258 1460 2344 etenim,

330 2393 442 2464 quum
478 2366 637 2463 plerique
670 2375 800 2439 temere
823 2392 863 2440 ac
888 2368 987 2440 nulla
1010 2368 1146 2439 ratione
1175 2392 1297 2440 causas
1320 2367 1358 2439 in
1383 2368 1461 2439 foro

329 2476 467 2562 dicant,
514 2476 676 2549 nonnulli
721 2486 838 2549 autem
873 2485 1014 2572 propter
1050 2476 1358 2563 exercitationem,
1396 2487 1462 2551 aut

330 2593 472 2681 propter
493 2586 784 2659 consuetudinem
808 2585 963 2681 aliquem
980 2586 1142 2658 callidius
1159 2586 1196 2657 id
1213 2586 1363 2672 faciant,
1385 2610 1459 2657 non

330 2702 383 2768 est
418 2694 586 2782 dubium,
624 2696 731 2791 quin,
771 2696 800 2768 si
831 2696 911 2792 quis
943 2695 1246 2784 animadverterit,
1278 2696 1368 2793 quid
1390 2696 1459 2783 sit,

330 2830 437 2900 quare
469 2805 529 2877 alii
562 2805 708 2890 melius,
740 2829 847 2901 quam
872 2804 931 2877 alii
962 2805 1101 2892 dicant,
1127 2806 1165 2878 id
1188 2806 1300 2901 possit
1321 2815 1458 2878 notare.

272 2941 302 2988 aa
328 2913 423 3010 Ergo
459 2915 496 2986 id
530 2914 593 3010 qui
625 2922 700 2986 toto
737 2915 774 2985 in
802 2938 932 3010 genere
957 2915 1097 3002 fecerit,
1124 2915 1175 3000 ie,
1201 2915 1231 2987 si
1255 2940 1326 2987 non
1353 2915 1460 3012 plane

328 3031 456 3110 artem,
483 3030 519 3096 at
543 3023 643 3120 quasi
668 3032 779 3096 artem
804 3024 984 3120 quandam
1007 3025 1191 3096 invenerit.
1242 3023 1363 3120 Atque
1386 3025 1457 3097 uti·

328 3156 427 3219 nam,
451 3141 491 3204 ut
508 3132 596 3206 mihi
613 3132 673 3205 illa
690 3133 808 3205 videor
821 3134 938 3205 videre
951 3133 987 3204 in
1001 3133 1075 3204 foro
1087 3142 1195 3229 atque
1207 3134 1387 3222 incensis,
1406 3135 1458 3207 ita

330 3349 625 3358 ———--—-—-

329 3487 468 3537 Ellendtius
481 3487 565 3535 delere
578 3487 688 3545 mavult,
704 3487 867 3549 nquodinep-
957 3489 998 3537 33.
1022 3500 1152 3548 exponere.
1199 3487 1292 3536 Mirum
1317 3501 1378 3536 sane
1402 3487 1458 3536 aliis

329 3573 395 3616 »tem
412 3567 522 3629 priorum
536 3566 567 3616 de
580 3565 710 3614 mendacio
723 3567 868 3628 explicatioss
915 3566 1037 3629 placuisse
1044 3567 1146 3614 alteram
1153 3565 1300 3623 lectionem,
1313 3567 1457 3627 exquirere.

329 3661 402 3694 unam
415 3645 542 3694 continere
554 3644 713 3693 videantur.'’
731 3646 787 3707 Ipse
801 3658 868 3693 nunc
948 3643 1457 3707 atqureummuremoderaraorarione

328 3724 391 3772 nihil
404 3723 504 3771 definio.
915 3723 1012 3772 dulcior
1032 3723 1136 3771 inveniri
1150 3723 1257 3783 poteett
1291 3724 1321 3770 In
1336 3723 1456 3772 hiereete

362 3803 403 3850 32.
421 3800 493 3848 tutae
513 3801 550 3848 ret
572 3801 725 3862 [erientiam]
741 3804 868 3849 —artem
914 3803 1011 3850 deserta
1038 3806 1075 3850 est
1101 3802 1180 3849 altera
1205 3801 1292 3859 lectio,
1314 3801 1457 3849 moderatae

328 3893 380 3928 eree
392 3880 483 3928 dicere.
519 3880 657 3940 Improprie
670 3881 774 3928 retentio
788 3882 867 3942 expli·
914 3881 1035 3928 orationtr
1040 3880 1246 3940 pronuntiatione
1254 3879 1360 3927 dulcior.
1377 3880 1456 3927 Nem·

329 3963 399 4006 cetur
417 3959 482 4006 artte
495 3956 630 4005 vocabulo:
645 3972 725 4019 neque
738 3960 868 4006 erientiam
913 3974 961 4020 pe,
983 3959 1068 4006 cantui
1088 3958 1222 4020 opponitur
1238 3959 1331 4015 oratio,
1345 3957 1364 4004 i.
1378 3972 1402 4006 e.
1415 3958 1455 4006 lo·

328 4041 463 4099 negaverat
483 4036 557 4084 modo
578 4036 714 4093 Antonius,
729 4038 773 4085 sed
786 4040 868 4085 artem
914 4038 980 4085 cutio
1002 4051 1046 4094 ea,
1074 4051 1138 4098 quae
1158 4036 1257 4098 propria
1277 4037 1382 4084 oratoris
1403 4041 1454 4084 est:

328 4129 390 4164 esse.
408 4113 770 4175 indicandatuitinterpolatio.
786 4115 867 4164 Huius
914 4115 981 4164 conf.
1003 4116 1071 4164 Orat.
1094 4119 1106 4174 t
1122 4117 1166 4163 64:
1181 4115 1263 4176 itaque
1275 4115 1329 4176 ipsa
1343 4114 1457 4164 continet

327 4194 365 4242 rei
378 4194 445 4254 quod
457 4193 560 4250 dieitur,
576 4193 683 4246 refertur
696 4180 732 4240 ad¹
741 4191 867 4242 obiectum
909 4195 1155 4254 pronuntiationem:
1171 4207 1220 4242 nec
1231 4193 1364 4242 ferendum
1378 4197 1416 4242 est
1427 4196 1456 4242 ut

326 4271 426 4322 illorum
449 4275 651 4333 praeceptorum:
672 4285 719 4319 nec
739 4276 807 4320 muto
826 4272 867 4329 id,
914 4273 981 4321 dicas
994 4273 1313 4333 enumeraturum,
1326 4276 1456 4333 tamquam

327 4350 395 4412 quod
414 4364 502 4412 supra,
523 4349 589 4397 adl.
605 4352 616 4406 ξ
633 4350 695 4406 196,
710 4350 806 4399 notavi:
822 4351 866 4398 sed
914 4350 934 4399 si
946 4350 1350 4412 dicaslocutionemproouatiare:
1364 4354 1455 4411 etpro-

327 4431 365 4478 rer'
385 4427 473 4477 vooeb.
494 4432 551 4489 apte
565 4431 697 4487 usurpatur
709 4427 789 4486 infra,
805 4432 818 4486 §
833 4431 865 4476 52
914 4431 1053 4485 nantario,
1067 4443 1130 4491 quae
1143 4429 1221 4487 intra,
1236 4433 1249 4487 §
1265 4429 1312 4486 79,
1328 4428 1454 4491 cumipse

327 4507 381 4556 init.
409 4511 434 4556 et
453 4511 485 4556 55
508 4505 562 4554 init.
603 4505 660 4554 Alio
680 4506 770 4564 modo,
791 4520 864 4565 mox,
913 4507 1009 4556 acfione
1035 4506 1177 4572 (ὑποκρίσει)
1196 4506 1371 4570 coniungitur,
1390 4506 1456 4554 nihil

330 4587 401 4643 536,
415 4583 559 4633 uredicitur
568 4584 836 4645 profitertretentiam.
913 4586 981 4634 aliud
1027 4592 1065 4635 est
1116 4586 1162 4634 nisi
1206 4585 1333 4634 recitatio:
1383 4591 1455 4644 tum,
