3242 5500
409 542 478 611 140
548 592 554 606 .
742 562 856 612 traua
881 561 1071 611 secururs
1098 544 1116 624 §
1142 544 1199 611 52.

352 756 383 800 aa
409 742 448 806 ut
474 742 592 805 noster
617 734 724 820 (lato,
752 743 792 806 ut
816 734 952 819 Pictor,
979 742 1020 816 ut
1044 733 1136 806 Piso.
1177 735 1262 806 Erat
1279 735 1374 806 enim
1387 734 1519 807 historia

407 843 497 915 nihil
529 842 645 928 aliud,
682 844 751 915 nisi
781 844 961 915 annalium
986 843 1175 929 confecti03
1202 844 1303 915 cuius
1325 844 1377 915 rei
1398 868 1516 915 memo·

406 954 547 1047 riaequa
577 952 749 1047 ,publicae
790 952 994 1025 retinendae
1029 978 1154 1039 causa,
1192 952 1237 1024 ab
1273 953 1378 1025 initio
1413 977 1517 1025 rerum

406 1062 645 1133 Romanarum
656 1062 824 1158 usquead
836 1062 875 1134 P.
888 1062 1049 1134 Mucium
1061 1058 1293 1157 [pontificem
1303 1057 1516 1156 maximuml,

405 1192 460 1242 res
482 1194 604 1243 omnes
627 1171 846 1266 singulorum
860 1196 1031 1244 annorum
1048 1171 1237 1243 mandabat
1249 1170 1360 1243 literis
1371 1172 1517 1267 pontifex

404 1280 595 1367 maximus
622 1280 859 1376 efferebatque
880 1281 916 1352 in
938 1280 1078 1367 album,
1097 1288 1133 1352 et
1145 1278 1363 1376 proponebat
1372 1280 1516 1353 tabulam

404 1380 519 1476 domi,
546 1398 701 1487 potestas
725 1398 765 1462 ut
790 1399 880 1463 esset
903 1390 1035 1487 populo
1057 1389 1308 1485 cognoscendi3
1334 1391 1376 1478 ii,
1390 1392 1450 1487 qui
1463 1392 1515 1463 eti·

350 1526 380 1573 as
405 1524 462 1571 am
487 1524 582 1571 nunc
607 1501 749 1573 annales
775 1501 920 1572 maximi
945 1500 1181 1571 nominantur.
1233 1498 1338 1572 Hauc
1363 1500 1515 1572 similitu·

404 1609 523 1680 dinem
547 1608 722 1681 scribendi¹
746 1608 851 1681 multi
875 1611 986 1682 secuti
1009 1617 1111 1695 sunt,
1138 1610 1295 1705 quisine
1319 1609 1404 1681 ullis
1428 1633 1515 1681 orna·

404 1718 533 1791 mentis
546 1726 774 1790 monumenta
787 1719 899 1791 solum
913 1728 1130 1814 temporum,
1143 1719 1344 1805 hominum,
1356 1718 1515 1802 locorum,

404 1835 653 1923 gestarumque
687 1852 804 1900 rerum
839 1828 1069 1924 reliquerunt.
1122 1828 1267 1925 Itaque,
1295 1828 1411 1924 qualis
1433 1826 1513 1925 apud

404 1938 554 2009 Graecos
579 1936 817 2032 Pherecydes,
844 1936 1069 2022 HellaniouS,
1096 1936 1257 2009 Acusilas
1282 1937 1368 2023 fuit,
1397 1938 1515 2032 aliique

402 2046 588 2143 permulti,
626 2047 707 2119 talis
744 2055 861 2119 noster
896 2046 1004 2132 (lato,
1042 2055 1078 2118 et
1113 2046 1250 2133 Pictor,
1277 2055 1313 2119 et
1337 2046 1439 2133 Piso;
1463 2045 1515 2142 qui

402 2181 517 2251 neque
541 2164 683 2243 tenent,
709 2156 840 2252 quibus
862 2155 967 2228 rebus
992 2163 1136 2227 ornetur
1159 2156 1269 2228 oratio
1294 2155 1415 2243 (modo
1432 2156 1514 2227 enim

402 2264 470 2337 huc
507 2267 575 2338 ista
610 2274 693 2337 sunt
726 2266 951 2362 importata),
984 2274 1038 2351 et,
1065 2264 1150 2336 dum
1173 2264 1413 2360 intelligatur,
1439 2263 1514 2361 quid

401 2376 538 2461 dicant,
576 2399 684 2446 unam
720 2374 860 2447 dicendi
889 2374 1031 2446 laudem
1055 2383 1181 2470 putant
1205 2398 1280 2446 esse
1304 2373 1511 2447 brevitatem.

345 2507 375 2551 54
401 2485 564 2556 Paullum
599 2509 635 2555 se
669 2484 798 2569 erexit,
834 2492 868 2555 et
902 2484 1039 2556 addidit
1075 2484 1240 2556 maiorem
1279 2482 1446 2555 historiae
1467 2508 1511 2555 so·

399 2618 486 2666 num
523 2594 616 2666 vocis
650 2594 701 2665 vir
717 2672 719 2675 ,
735 2594 909 2688 optimus,
944 2593 1061 2665 Crassi
1090 2593 1290 2678 familiaris,
1316 2592 1541 2707 Antipater:‘

304 2706 306 2713 ⁴
399 2704 504 2777 ceteri
537 2728 609 2776 non
643 2712 862 2776 exornatores
886 2727 1022 2789 rerum,
1050 2701 1111 2776 sed
1135 2702 1381 2776 tantummodo
1407 2726 1511 2775 narra·

395 2824 490 2888 toras
514 2816 667 2887 fuerunt.

431 3106 471 3151 52.
490 3103 611 3166 usquead
620 3100 934 3165 P.Mocium[ponttfloem
982 3101 1178 3160 tributuram,
1206 3116 1280 3163 quam
1304 3114 1393 3158 ronan
1423 3101 1513 3151 historie

396 3182 553 3242 maximam}
601 3181 692 3230 Inutile
723 3181 933 3238 additamentum,
982 3182 1104 3242 loquitur,
1120 3195 1170 3229 non
1183 3185 1265 3228 sonat:
1279 3180 1513 3244 ipsesoriptorsoao

340 3273 342 3278 ·
395 3264 498 3321 propter
523 3273 628 3321 sequens
649 3260 770 3320 pontisas
795 3261 933 3317 mactmus,
982 3261 1021 3307 uti
1037 3259 1218 3317 diciturinfre,
1234 3264 1246 3318 ς
1262 3261 1303 3307 58.

396 3338 454 3387 hinc
466 3339 629 3388 resecandum
643 3343 688 3388 est.
734 3381 739 3392 ,
1016 3352 1093 3399 neque
1118 3338 1237 3384 distinxit
1255 3337 1385 3385 historiam
1403 3338 1513 3386 varietate

429 3418 631 3478 offerebatquetn
642 3417 731 3464 ausin.
749 3416 850 3464 Servavi
857 3413 934 3464 libro·
983 3418 1098 3464 locorum
1133 3416 1207 3474 Quod
1226 3413 1353 3463 Iacobsius
1366 3416 1512 3469 coniecerat,

395 3511 451 3545 rum
470 3496 603 3544 lectionem
623 3509 682 3556 prae
703 3494 818 3542 Lambini
835 3493 933 3542 eonieo·
982 3495 1102 3552 soknim,
1116 3494 1196 3555 aptius
1209 3494 1333 3542 diceretur
1345 3493 1413 3542 inter
1419 3509 1456 3552 ea,
1466 3492 1513 3554 qui·

395 3581 463 3634 tura,
479 3576 661 3636 referebatque.
679 3571 933 3631 Puto,illudverbum
982 3571 1029 3620 bus
1049 3571 1120 3620 stilus
1134 3577 1159 3620 et
1171 3572 1316 3633 compositio
1330 3572 1449 3621 orationis
1461 3585 1513 3620 con-

395 3654 523 3716 proprium
544 3667 612 3710 esse,
634 3659 662 3701 ut
679 3652 710 3701 sit
723 3651 797 3700 edere
810 3651 837 3698 in
850 3649 933 3712 publi·
981 3649 1100 3697 sinentur.
1122 3651 1255 3713 vulgatam
1269 3664 1346 3712 quum
1359 3655 1434 3698 antea
1446 3650 1513 3698 inter·

396 3747 466 3780 cum:
491 3736 562 3789 tum,
577 3729 739 3779 obiiciendum
754 3744 806 3778 esse
820 3729 934 3777 inutilem
982 3726 1098 3790 pretabar
1117 3729 1168 3787 sic,
1188 3733 1217 3777 ut
1230 3728 1330 3777 Coelius
1344 3729 1469 3778 diceretur
1480 3741 1514 3775 res

396 3810 600 3872 explicationem,
619 3811 646 3856 et
658 3810 813 3870 proponebat
826 3808 933 3856 tabulam
983 3812 1064 3870 gestas
1076 3807 1102 3854 in
1110 3807 1213 3870 singulis
1220 3807 1269 3855 oris
1275 3821 1328 3855 non
1334 3821 1447 3856 seorsum
1453 3820 1513 3854 com·

396 3889 474 3946 domi,
490 3903 565 3949 quum
574 3887 672 3936 Servius
680 3886 901 3948 quoque,adAen.
911 3885 932 3933 1.
982 3887 1070 3947 plexus
1090 3899 1160 3943 esse3
1181 3899 1249 3933 nunc
1268 3899 1324 3934 eam
1340 3886 1463 3934 rationem
1475 3885 1513 3932 de·

325 3952 328 3958 ¹
392 3953 457 4024 ¹373,
478 3969 559 4014 adum
571 3966 749 4027 interpretans,
764 3964 865 4022 dixerit,
880 3977 933 4012 esse
982 3977 1052 4022 sero,
1073 3978 1120 4012 nec
1139 3968 1223 4012 temen
1242 3962 1349 4025 probare
1362 3979 1463 4026 possum
1476 3963 1513 4010 El-

395 4047 532 4093 dealbatam
565 4045 686 4092 tabulam:
716 4042 823 4090 dubitari
843 4042 934 4103 poterit
982 4043 1112 4100 lendfinm,
1127 4042 1168 4104 qui
1182 4041 1514 4104 locoseommanesintelligit

396 4138 502 4185 quoque,
514 4138 545 4171 an
552 4125 646 4185 populo
654 4121 933 4185 cognoscendipotestas
981 4120 1092 4168 Verbum
1105 4122 1185 4183 ipsum
1199 4121 1369 4181 dictinpcendi
1381 4122 1408 4169 in
1422 4121 1469 4169 hoc
1479 4134 1513 4167 ar-

395 4203 511 4259 esset,=si
525 4203 589 4249 domi
603 4217 631 4249 ea
644 4200 730 4249 tabula
742 4204 931 4261 proponeretur.
982 4204 1099 4262 gumento
1113 4198 1235 4255 ostendit,
1249 4199 1410 4262 cogitandum
1425 4213 1476 4249 esse
1486 4197 1513 4244 de

430 4285 469 4329 54.
488 4281 586 4328 addidit
596 4281 712 4328 maiorem
724 4280 933 4326 historiaeconam
980 4278 1130 4325 ornamentis
1143 4277 1273 4325 orationis:
1289 4281 1328 4334 et,
1344 4278 1462 4339 quoniam
1473 4278 1514 4324 ists

394 4362 465 4408 cocis.
490 4359 628 4408 Ellendtius
642 4358 690 4406 hoo
704 4358 767 4405 vocis
779 4355 865 4404 abesse
878 4354 931 4404 mass
980 4355 1033 4404 fere
1050 4360 1171 4417 perpetuo
1184 4356 1321 4418 iunguntur
1334 4383 1369 4391 —
1382 4355 1462 4404 videri
1474 4368 1513 4416 po·

393 4437 469 4487 lebat.
508 4438 625 4486 Nondum
651 4435 770 4484 concedo.
805 4435 930 4492 Primum,
979 4433 1037 4481 terit
1057 4434 1182 4494 aliquanto
1200 4434 1316 4481 audacius
1329 4461 1377 4491 -,
1393 4434 1513 4496 corrigen-

394 4517 522 4578 aliquoties
530 4516 596 4578 apud
605 4515 750 4564 Ciceronem
757 4513 874 4574 reperies,
882 4513 931 4560 dici
979 4511 1038 4558 dum
1052 4525 1141 4560 censeo
1147 4512 1464 4560 varietateseuteuttarm.
1479 4510 1514 4558 Sic

394 4607 479 4642 sonam
493 4596 569 4641 cocis:
584 4599 646 4652 tum,
660 4593 705 4654 ipsi
721 4591 930 4640 historiacmelius
979 4591 1066 4647 modo,
1076 4595 1087 4649 ξ
1096 4590 1512 4649 36,orattonemoariareetdirtiu-
