3242 5500
417 539 460 609 76
760 558 873 605 arnna
900 556 1039 605 rnrnus
1065 539 1082 619 §
1110 537 1190 606 180.

413 728 567 814 tatibus,
604 728 640 800 in
673 728 863 824 exemplis,
888 728 925 799 in
950 735 1242 799 testamentorum
1264 728 1448 814 formulis,
1474 728 1538 800 hoc

413 847 466 911 est
491 839 528 909 in
551 837 668 909 medio
692 838 767 910 iure
790 837 883 909 civili
906 837 1056 909 versari?

340 954 387 1022 40
463 939 599 1019 Omitto
620 948 690 1019 iam
712 948 814 1043 plura
837 946 997 1043 exempla
1019 970 1202 1019 causarum
1223 946 1536 1042 amplissimarum,

340 1054 382 1101 ¹⁸¹
411 1080 500 1153 quae
532 1063 615 1128 suut
647 1054 938 1128 innumerabilia:
977 1056 1102 1151 capitis
1137 1055 1247 1128 nostri
1282 1079 1386 1151 saepe
1422 1064 1537 1151 potest

412 1165 567 1239 accidere
592 1173 632 1237 ut
657 1150 780 1237 causae
804 1177 987 1237 versentur
1008 1166 1045 1236 in
1064 1164 1150 1236 iure.
1177 1163 1318 1236 Etenim
1332 1164 1362 1235 si
1376 1163 1417 1235 C.
1434 1163 1534 1236 Man·

412 1276 553 1361 ninum,
579 1274 838 1347 nobilissimum
863 1282 969 1369 atque
991 1274 1165 1370 optimum
1177 1274 1308 1360 virum,
1334 1280 1443 1370 atque
1456 1298 1534 1346 con·

413 1385 582 1470 sularem,
605 1408 715 1480 quum
733 1408 814 1455 eum
827 1391 970 1480 propter
982 1383 1150 1455 invidiam
1163 1383 1375 1454 Numantini
1388 1383 1535 1455 foederis

412 1502 512 1590 pater
531 1500 690 1588 patratus
708 1518 751 1565 ex
771 1492 1075 1565 senatusconsulto
1088 1493 1317 1565 Numantinis
1329 1492 1534 1577 dedidisset,

367 1588 564 1699 *eumque
595 1602 649 1674 illi
683 1627 753 1674 non
788 1603 1021 1699 recepissent,
1047 1609 1237 1697 posteaque
1261 1600 1453 1673 Mancinus
1476 1600 1533 1672 do·

414 1736 510 1783 mum
532 1711 743 1796 revenisset,
771 1735 885 1808 neque
905 1711 942 1784 in
969 1719 1130 1784 senatum
1152 1710 1296 1783 introire
1318 1709 1533 1796 dubitasset,

412 1818 451 1892 P.
487 1819 666 1906 Rutilius,
705 1818 756 1891 M.
795 1821 910 1907 filius,
935 1820 1253 1916 tribunusplebis,
1282 1818 1386 1891 iussit
1413 1819 1532 1905 educi,

412 1929 508 2025 quod
550 1953 630 2000 eum
672 1929 782 2002 civem
827 1927 971 2026 negaiet
1019 1954 1114 2015 esse,
1158 1928 1242 2025 quia
1282 1929 1452 2001 memoria
1489 1931 1533 2001 sic

410 2046 501 2110 esset
533 2039 733 2134 proditum,
768 2064 874 2135 quem
907 2046 1007 2135 pater
1037 2063 1123 2111 suus
1139 2033 1211 2110 ⁴aut
1235 2038 1389 2133 populus
1414 2039 1532 2109 vendi·

410 2148 538 2234 disset,
575 2156 637 2220 aut
672 2157 771 2245 pater
805 2156 965 2245 patratus
989 2147 1201 2233 dedidisset,
1238 2148 1271 2218 ei
1294 2148 1435 2219 nullum
1461 2172 1533 2219 esse

338 2288 383 2335 na
409 2258 665 2355 postliminium
677 2292 684 2344 ;
732 2282 839 2354 quam
878 2271 1066 2355 possumus
1102 2256 1254 2353 reperire
1290 2282 1334 2327 ex
1370 2256 1532 2328 omnibus

408 2367 514 2440 rebus
531 2367 692 2439 civilibus
705 2391 846 2439 causam
859 2367 1190 2462 contentionemque
1202 2366 1394 2437 maiorem?
1412 2361 1532 2462 [quam

408 2477 452 2549 de
476 2477 616 2562 ordine,
642 2476 685 2548 de
708 2476 870 2562 civitate,
896 2476 939 2549 de
964 2475 1145 2561 libertate,
1171 2475 1354 2571 decapite
1379 2474 1531 2547 hominis

407 2587 620 2671 consularis,
646 2586 851 2681 praesertim
876 2610 986 2680 quum
1005 2585 1089 2657 haec
1103 2609 1173 2656 non
1186 2584 1224 2655 in
1238 2585 1384 2655 crimine
1396 2584 1529 2681 aliquo,

407 2696 503 2793 quod
526 2695 585 2768 ille
609 2704 728 2793 posset
752 2695 918 2781 infitiari,
944 2694 1063 2768 sedin
1089 2693 1181 2767 civili
1205 2694 1281 2766 iure
1293 2687 1527 2788 consisteret]

440 3025 496 3072 181.
514 3026 625 3084 cntempla
639 3036 769 3072 causarum
781 3025 942 3084 amplissima·
993 3023 1073 3072 aliena
1087 3027 1158 3080 nint,
1171 3022 1214 3069 val
1227 3020 1353 3070 Latinitati
1360 3021 1528 3070 adversantur.

404 3116 469 3150 rum.
510 3102 575 3151 Novi
599 3113 729 3148 causarum
750 3101 943 3164 mcpnitadiacm
994 3101 1023 3148 ln
1045 3100 1155 3148 Mancini
1172 3113 1245 3148 causa
1258 3113 1309 3147 non
1323 3097 1529 3160 quaerebatnrde

405 3179 440 3243 (I.
456 3185 468 3239 §
485 3179 542 3239 15),
557 3180 743 3240 amplitudinem
757 3193 808 3227 non
815 3193 941 3228 noveram.

437 3245 527 3306 etaim
541 3259 563 3306 a·
579 3259 605 3305 c.
622 3257 772 3305 nicanum.
808 3258 882 3316 Quor
895 3258 940 3306 au-

404 3337 463 3386 dum
484 3351 653 3393 correxeram,
675 3335 711 3394 si,
738 3351 783 3397 pro
803 3338 874 3399 vulg.
888 3338 940 3395 eie,

403 3419 460 3477 post
479 3415 529 3463 vidi
551 3413 689 3463 confirmari
707 3412 827 3463 librorum
841 3422 866 3463 et
878 3419 940 3463 vett.

404 3491 939 3556 Editt.auctoritate,probariquaMadvigio.

437 3586 511 3634 quam
538 3586 592 3620 eum
615 3575 722 3632 propter
749 3572 874 3619 invidiam.
909 3573 939 3620 In

402 3649 570 3712 compluribus
590 3649 659 3698 libris
677 3650 796 3698 omittitur
810 3665 882 3698 eam:
898 3654 937 3708 at,

402 3729 518 3788 quoniam
538 3728 623 3776 Rutilii
643 3729 737 3777 iactum
754 3743 805 3776 non
819 3728 868 3776 alio
881 3743 938 3789 per·

400 3807 478 3862 tinet,
493 3807 538 3855 nisi
552 3807 584 3854 ad
597 3811 762 3868 postremum,
778 3821 853 3868 qaam
865 3806 937 3853 Man-

401 3885 471 3931 cinus
493 3886 521 3931 in
540 3885 652 3932 renatam
672 3885 779 3931 introire
799 3899 847 3931 non
867 3885 937 3932 dabi-

395 3965 494 4020 tamn,
515 3978 566 4011 non
579 3961 710 4024 oportebat
722 3963 876 4010 Ellendtiam
890 3963 936 4011 du-

399 4039 487 4098 bitare,
502 4041 574 4102 quin,
589 4056 717 4104 proquam
725 4055 791 4099 enm,
805 4046 935 4090 rectecm·

399 4119 494 4183 rigatur
508 4135 585 4182 qnam.

435 4199 521 4259 [quam
534 4200 564 4246 ds
577 4199 678 4256 ordine,
696 4198 935 4247 decivitate-con·

398 4278 521 4339 uetaret]
540 4278 633 4326 Rursus
647 4276 777 4325 incidimus
783 4277 809 4324 in
818 4276 938 4325 eiusmodi

399 4356 496 4414 locum,
518 4357 560 4417 qui
580 4371 631 4405 non
644 4359 740 4404 tantum
753 4355 846 4403 inutilis
860 4355 936 4404 estin

398 4433 612 4482 demonstrationis
626 4433 779 4482 absolutione
799 4431 870 4496 (nam
889 4432 936 4482 hoe

398 4511 501 4561 fortasse
514 4512 693 4575 ignoscendum
704 4509 778 4574 erat),
793 4510 935 4558 sediisvar-

398 4587 619 4651 biscompositnm,
634 4604 696 4650 quae
703 4590 743 4637 val
751 4587 782 4635 ab
790 4593 936 4651 argumento

991 3179 1093 3226 ordine.-
1108 3183 1175 3235 tum,
1189 3193 1237 3227 nec
1253 3178 1353 3234 ciritae,
1369 3191 1417 3226 nec
1431 3178 1529 3225 ἱίῠονίαε

991 3255 1153 3320 (quamquam
1173 3257 1236 3304 haec
1255 3255 1355 3317 quidem
1377 3269 1445 3304 nunc
1457 3256 1528 3304 omit·

989 3335 1066 3383 tenda
1078 3335 1157 3396 erat),
1171 3349 1218 3383 nec
1232 3337 1321 3395 eaput,
1336 3348 1384 3382 nec
1397 3333 1527 3382 hamaran

989 3416 1081 3462 calaris
1100 3413 1250 3475 appellanda
1269 3416 1355 3470 erant,
1384 3426 1462 3473 quum
1482 3413 1528 3460 iam

990 3491 1082 3539 dietum
1096 3498 1162 3540 esset
1173 3491 1249 3539 fuisse
1262 3505 1316 3539 eam
1324 3491 1416 3551 capeto
1422 3505 1526 3540 causan

989 3571 1062 3628 Quod
1083 3576 1165 3619 autem
1188 3570 1285 3630 reliqua
1303 3570 1443 3628 adduntsm,
1456 3583 1528 3630 prae-

988 3649 1061 3697 missa
1075 3648 1182 3696 formula
1191 3649 1343 3708 praesertim
1357 3663 1445 3708 quam,
1458 3648 1487 3695 in
1500 3661 1527 3695 eo

988 3732 1118 3788 peccatum
1139 3732 1190 3784 est,
1213 3727 1280 3787 quod
1300 3732 1354 3774 tum
1375 3739 1405 3774 ea
1421 3726 1527 3774 formula

987 3805 1046 3866 poni
1067 3806 1146 3863 solet,
1169 3820 1246 3866 quum
1260 3805 1354 3866 aliquid
1367 3810 1526 3860 memorabar,

988 3896 1036 3943 qao
1050 3884 1143 3932 firmius
1151 3884 1328 3941 affirmanrrid,
1340 3883 1525 3944 quodanteces·

987 3965 1065 4010 serat:
1087 3962 1132 4010 sed
1152 3962 1277 4011 contentio
1290 3961 1317 4009 in
1331 3962 1443 4010 Mancini
1455 3975 1526 4009 causa

986 4053 1037 4087 non
1056 4040 1113 4089 ideo
1127 4046 1171 4089 aut
1184 4041 1274 4097 maior,
1290 4044 1333 4089 aut
1346 4040 1447 4103 gravior
1460 4046 1524 4096 erat,

986 4118 1054 4179 quod
1079 4120 1107 4166 tn
1126 4119 1267 4167 civilitate
1288 4119 1455 4168 mactent:
1476 4118 1525 4181 ipse

985 4197 1061 4245 modo
1073 4211 1173 4245 causam
1185 4197 1254 4245 illam
1267 4197 1300 4245 ad
1312 4211 1355 4245 res
1367 4198 1524 4246 antestatu-

984 4277 1056 4324 lerat.
1094 4274 1168 4334 Quod
1188 4281 1270 4324 autem
1290 4276 1317 4324 in
1338 4275 1377 4324 his
1397 4275 1525 4337 postremis

986 4352 1089 4412 dieitur,
1125 4355 1218 4402 crimen
1253 4354 1378 4416 infitiari,
1409 4355 1523 4403 Latinum

986 4437 1117 4492 propterea
1130 4447 1182 4480 non
1196 4437 1244 4490 est,
1259 4433 1328 4494 quod
1342 4437 1368 4480 et
1379 4428 1487 4488 mm,
1501 4437 1524 4479 et

985 4510 1066 4572 ipsum
1079 4512 1187 4573 infitiari
1197 4511 1334 4560 necessario
1346 4510 1473 4562 obiectum
1480 4511 1522 4559 ha-

985 4587 1045 4637 bere
1059 4594 1157 4650 oportet
1165 4591 1278 4650 fartam:
1294 4590 1352 4638 ideo
1366 4591 1458 4640 Milon.
1473 4591 1522 4649 §96
