3242 5500
2341 527 2429 598 57

216 737 359 784 men
407 736 630 782 unum
680 712 755 783 id
804 737 995 799 esse,
1050 713 1241 808 quod
1286 713 1465 785 tradi
1513 722 1662 785 arte
1709 739 1849 785 non
1900 715 2143 811 possit.
2250 715 2429 802 Sed,
2484 739 2577 784 133

217 823 269 893 si
310 822 526 921 placet
545 879 563 907 ,
620 845 1008 895 sermonem
1057 823 1193 895 alio
1243 823 1743 894 transferamus
1765 883 1784 910 ,
1837 832 1906 895 et
1954 834 2193 896 nostro
2241 849 2432 898 more

213 929 568 1026 aliquando
650 925 823 1024 [non
896 931 1272 1018 rhetorico]
1347 921 1738 1027 loquamur.
1858 933 2159 1005 Minime
2228 958 2390 1005 vero
2413 935 2449 1020 ‚'

214 1039 429 1134 inquit
479 1038 720 1111 Cotta:
775 1062 966 1112 nunc
1016 1042 1205 1113 enim
1250 1048 1320 1113 te
1368 1042 1509 1112 iam
1550 1065 1915 1113 exoremus
1964 1067 2245 1114 neeesse
2287 1051 2432 1129 est,

217 1148 530 1243 quoniam
601 1149 862 1220 retines
926 1174 1056 1222 nos
1120 1151 1193 1221 in
1242 1150 1373 1221 hoe
1423 1149 1701 1236 studi0‚
1754 1175 1883 1222 nee
1932 1151 2022 1222 ad
2069 1151 2278 1223 aliam
2328 1151 2432 1223 di-

214 1257 421 1328 mittis
492 1262 710 1329 artem
733 1315 750 1342 ‚
826 1266 904 1330 ut
974 1258 1179 1331 nobis
1254 1258 1557 1356 explices
1634 1259 1973 1355 quicquid
2039 1268 2145 1331 est
2204 1261 2394 1332 istud
2415 1320 2433 1346 ,

215 1366 380 1461 quod
457 1373 539 1437 tu
608 1366 682 1436 in
758 1366 1055 1445 dicendo
1120 1376 1356 1464 potes:
1411 1392 1643 1463 neque
1692 1369 1879 1441 enim
1930 1393 2174 1440 sumus
2224 1368 2436 1440 nimis

213 1474 380 1546 avidi
397 1507 415 1561 ;
502 1474 634 1546 ista
713 1482 838 1547 tua
908 1477 1241 1549 mediocri
1314 1476 1714 1573 eloquentia
1784 1477 2093 1549 contenti
2168 1501 2432 1548 sumus

215 1583 423 1679 quue
494 1609 579 1656 ex
638 1593 709 1656 te
758 1586 1199 1681 quaerimus,
1261 1589 1370 1672 (ut
1418 1598 1508 1658 ne
1556 1586 1718 1682 plus
1766 1610 1894 1658 nos
1943 1610 2435 1681 assequamur,

215 1717 408 1788 quam
447 1693 873 1789 quantulum
916 1703 998 1766 tu
1038 1695 1110 1766 in
1165 1695 1461 1767 dicendo
1501 1703 1864 1767 assecutus
1889 1699 2023 1782 es),
2069 1696 2437 1791 quoniam,

216 1825 377 1896 quae
445 1827 486 1874 a
551 1809 802 1874 natura
861 1804 1254 1900 expetenda
1331 1811 1536 1889 sunt,
1615 1829 1696 1875 ea
1764 1803 1938 1877 dicis
2011 1828 2153 1875 non
2227 1795 2439 1876 nimis

217 1911 437 1982 deesse
485 1910 731 1997 nobis,
785 1912 960 2006 quid
1003 1920 1359 2009 praeterea
1407 1937 1558 1984 esse
1605 1913 2109 1985 assumendum
2156 1921 2384 2008 putes

301 2021 474 2092 Tum
538 2021 830 2092 Crassus
879 2022 1232 2111 arridenS,
1289 2022 1486 2098 Quid
1532 2046 1813 2108 oenseS‚
1866 2022 2140 2117 inquit,
2198 2022 2435 2108 Cotta,

217 2129 339 2200 nisi
409 2129 726 2201 studium
789 2137 859 2201 et
906 2130 1223 2203 ardorem
1274 2131 1651 2226 quemdam
1698 2131 2007 2202 amoris?
2060 2132 2210 2203 sine
2260 2157 2400 2227 quo
2421 2191 2439 2218 ‚

216 2262 418 2334 quum
465 2240 544 2311 in
596 2239 737 2310 vita
786 2238 966 2310 nihil
1017 2240 1394 2336 quicquam
1441 2226 1839 2335 egregium,
1889 2247 2042 2311 tum
2068 2247 2252 2312 certe
2276 2240 2439 2326 hoe,

215 2347 389 2441 quod
460 2354 546 2419 tu
619 2348 920 2443 expeti8‚
996 2372 1204 2420 nemo
1271 2373 1607 2444 umquam
1657 2357 2087 2445 assequetur.
2192 2350 2439 2445 Neque

216 2479 363 2526 vero
393 2465 399 2469 ’
432 2481 555 2528 vos
629 2456 720 2528 ad
793 2481 947 2527 eam
1020 2482 1166 2529 rem
1231 2458 1434 2529 video
1485 2481 1635 2528 esse
1685 2457 2177 2543 cohortandOS,
2231 2450 2487 2553 quoss‘

218 2589 424 2658 quum
495 2564 676 2636 mihi
752 2590 1033 2662 quoque
1085 2567 1234 2639 sitis
1284 2566 1582 2651 molesti,
1635 2565 1846 2637 nimis
1898 2567 2104 2638 etiam
2154 2567 2446 2662 flagrare

216 2671 514 2771 intelligo
581 2673 987 2770 eupiditate.
1095 2676 1234 2749 Sed
1281 2677 1587 2771 profecto
1640 2675 1874 2748 studia
1920 2675 2101 2748 nihil
2149 2684 2445 2772 prosunt

858 543 1084 591 LIBER
1137 543 1436 591 PRIMUS.
1495 524 1530 604 ἓ
1586 524 1746 592 133.

2492 2036 2584 2100 31]

2499 2703 2591 2749 135

2496 2160 2584 2204 isi
2644 2172 2736 2204 f„
2909 2180 2925 2192 ÷
2985 2164 3037 2180 ··

217 2906 388 2941 morem
415 2893 652 2956 gessisse,
680 2892 891 2953 ideoque
918 2892 1050 2941 hanc
1077 2893 1276 2941 veniam

215 2975 394 3030 petere,
420 2976 477 3019 ut
501 2972 679 3019 liceret
703 2986 970 3019 sermonem
997 2973 1094 3019 alio
1111 2975 1275 3020 trans-

207 3047 361 3106 ferre.
441 3049 538 3097 Sed
556 3083 571 3106 ,
631 3063 926 3110 quamquam
964 3049 1016 3097 in
1055 3064 1276 3098 sermone

216 3128 352 3175 modo
377 3127 487 3185 hic,
515 3128 668 3176 modo
692 3128 816 3175 alius
839 3129 1076 3188 loquitur,
1106 3144 1277 3177 omnes

216 3209 385 3263 tamen,
415 3206 498 3266 qui
525 3207 571 3254 ei
597 3206 859 3264 intersunt,
887 3221 988 3254 11011
1004 3209 1162 3268 loqui,
1191 3208 1279 3255 sed

218 3286 408 3345 colloqui
433 3285 634 3333 dicendi
663 3289 825 3333 erant:
855 3288 1023 3333 nostro
1048 3299 1182 3334 more
1209 3290 1278 3334 lo-

219 3376 413 3421 quamur
437 3363 478 3411 si
507 3365 715 3411 Crassus
743 3364 967 3420 dixisset,
997 3364 1059 3411 de
1089 3379 1147 3412 eo
1177 3379 1279 3412 uno

219 3445 334 3488 esset
357 3441 696 3504 cogitandum.
739 3443 866 3488 Tum
890 3441 1098 3489 ridicule
1125 3442 1278 3491 inter-

218 3520 425 3578 polatum
464 3524 540 3569 est
575 3534 676 3567 non
701 3520 965 3568 rhetorico.
1033 3519 1144 3568 Mos
1168 3520 1282 3569 rhe-

222 3598 393 3645 toricus
429 3613 493 3646 ne
535 3597 774 3646 Latinum
815 3598 1015 3658 quidem
1057 3604 1160 3655 est3
1188 3614 1282 3647 nee

217 3673 425 3724 rhetores
450 3677 534 3723 vel
565 3676 906 3736 loquebantur,
935 3678 1019 3723 vel
1043 3678 1282 3737 colloque·

220 3753 413 3810 bantur,
454 3754 543 3802 sed
587 3753 705 3801 artis
745 3759 1009 3815 praecepta
1035 3754 1086 3802 in
1113 3755 1285 3803 schola

218 3829 481 3879 tradebant.
551 3833 731 3892 Itaque
770 3832 868 3881 illis
909 3832 1096 3881 omissis
1131 3833 1282 3881 corri-

219 3909 423 3968 gendum
440 3945 454 3968 ,
483 3913 659 3958 nostro
683 3925 818 3958 more
842 3912 1105 3973 aliquando
1139 3914 1283 3961 collo-

222 4000 434 4045 quamur.

278 4081 403 4114 nunc
440 4068 573 4114 enim
617 4069 669 4115 te
693 4068 792 4114 iam
817 4081 1076 4116 exoremus
1099 4081 1290 4117 necesse

221 4142 288 4188 est
321 4169 388 4179 —
411 4159 515 4192 esse
537 4146 882 4193 assumendum
897 4149 1067 4206 putes.
1137 4147 1288 4194 Nulla

221 4233 510 4284 magnopere
536 4224 592 4271 in
621 4222 758 4272 libris
785 4225 1050 4272 offenditur
1063 4224 1288 4273 lectionis

219 4301 434 4349 varietas.
505 4302 636 4358 Sed,
679 4317 830 4363 quum
868 4303 1113 4370 nonsatis
1138 4315 1289 4365 expe-

222 4375 340 4425 ditus
391 4380 669 4429 sententiae
723 4380 958 4429 decursus
1010 4382 1262 4430 videretur
1275 4416 1288 4438 ,

223 4456 509 4507 Matthiaeus
573 4460 653 4507 De
680 4460 962 4508 Anaeoluth
988 4475 1040 4521 p.
1070 4462 1151 4508 20.
1180 4474 1286 4521 sqq.

224 4535 509 4597 excogitavit
536 4538 899 4598 anacoluthon,
926 4538 994 4586 ita
1024 4544 1076 4587 ut
1100 4539 1152 4587 in
1175 4553 1288 4587 ver·

1371 2892 1465 2952 bis,
1492 2896 1553 2942 ut
1579 2894 1715 2942 nobis
1739 2894 1969 2954 explices,
1996 2892 2303 2942 inhiberetur
2330 2908 2445 2943 sen-

1372 2971 1554 3020 tentiae
1579 2970 1823 3019 absolutio
1840 3006 1853 3029 ,
1894 2972 2233 3033 sententiaque
2258 2973 2441 3020 instau-

1372 3054 1566 3098 raretur
1599 3048 1782 3108 verbis,
1812 3050 1959 3110 idque
1985 3064 2048 3096 ex
2064 3052 2113 3097 te
2127 3051 2409 3110 quaerimus
2422 3068 2442 3104 ‚-

1375 3133 1426 3176 et
1452 3127 1663 3175 contulit
1690 3127 1818 3176 hanc
1844 3128 2055 3175 formam
2078 3142 2191 3175 cum
2206 3142 2263 3175 ea
2278 3162 2291 3185 ,
2320 3141 2445 3189 quae

1377 3210 1504 3253 esset
1542 3206 1761 3254 notanda
1784 3206 1835 3253 in
1862 3208 2007 3254 Tusc.
2036 3207 2096 3253 V.
2128 3210 2153 3264 ξ
2184 3208 2264 3253 82.
2334 3208 2447 3253 Νο11

1376 3283 1564 3345 accipio
1593 3284 1721 3331 hanc
1746 3284 2202 3345 interpretationem
2216 3319 2229 3341 ,
2257 3284 2446 3345 potius·

1378 3377 1490 3423 que,
1521 3362 1765 3423 quidquid
1788 3365 1863 3410 eet
1889 3362 2041 3419 istud,
2071 3360 2318 3409 obiectum
2341 3375 2446 3409 esse

1377 3441 1626 3488 contendo
1664 3439 1805 3487 verbi
1844 3441 2058 3499 explices
2073 3474 2086 3496 ,
2116 3440 2167 3485 id
2202 3440 2335 3499 quod
2361 3440 2449 3485 de-

1376 3518 1596 3565 fenditur
1634 3532 1695 3565 ex
1736 3517 1810 3565 his
1852 3517 2011 3565 Crassi
2050 3514 2214 3563 verbis
2255 3520 2280 3574 §
2321 3517 2416 3564 135
2433 3550 2446 3573 ,

1380 3609 1530 3657 quum
1555 3597 1863 3657 respondens
1892 3594 2009 3642 dicit
2025 3629 2037 3651 ,
2064 3608 2164 3641 non
2200 3608 2263 3641 ex
2288 3608 2365 3640 me
2391 3594 2451 3640 de

1379 3675 1594 3722 oratoris
1617 3676 1745 3730 arte,
1778 3674 1868 3720 sed
1892 3674 1951 3720 de
1973 3673 2063 3721 hac
2076 3686 2206 3729 mea,
2238 3674 2449 3733 quantu-

1382 3756 1635 3813 lacumque
1656 3754 1757 3809 est,
1789 3752 2049 3812 facultate
2076 3752 2331 3811 quaeritis.
2390 3752 2453 3799 Et

1382 3830 1781 3891 quandoquidem
1815 3832 1965 3878 Pron.
1992 3830 2049 3877 id
2072 3827 2269 3893 (idque)
2291 3843 2453 3889 neque

1376 3910 1507 3962 iusta
1527 3909 1719 3971 syntaxi
1732 3923 1845 3956 cum
1859 3922 1995 3969 seqq.
2008 3907 2245 3970 iungitur,
2272 3921 2453 3967 neque,

1382 3993 1440 4037 ut
1463 4003 1596 4047 mox,
1626 3987 1678 4035 in
1707 3992 1732 4045 5
1765 3989 1886 4045 136,
1916 3987 1980 4034 ad
1992 3985 2253 4035 antecedd.
2279 3984 2456 4033 referri

1384 4072 1547 4130 potest
1562 4102 1575 4125 ,
1616 4070 1725 4114 tum
1742 4101 1755 4124 ,
1799 4065 1932 4126 quod
1956 4065 2118 4126 ipsum
2142 4064 2295 4122 illud,
2324 4064 2457 4124 quod

1385 4143 1657 4203 subiicitur,
1695 4145 1946 4192 diversum
1988 4147 2061 4191 est
2107 4142 2170 4190 ab
2208 4157 2293 4199 eo,
2324 4142 2459 4202 quod

1387 4224 1536 4271 modo
1586 4223 1773 4271 dictum
1814 4226 1920 4270 erat
1934 4257 1948 4280 ,
2002 4220 2350 4283 corrigendum
2386 4226 2460 4268 est

1387 4303 1472 4360 ita,
1502 4307 1560 4350 ut
1585 4316 1717 4349 nova
1730 4300 1972 4349 sententia
1984 4299 2263 4355 inchoetur,
2292 4300 2461 4359 itaque

1390 4396 1454 4430 ea·
1481 4383 1530 4429 te
1557 4382 1838 4443 quaerimus
1862 4406 1945 4425 --.

1461 4462 1572 4509 135.
1607 4460 1777 4507 studia
1817 4459 1945 4505 nihil
1969 4459 2201 4518 prosunt.
2278 4456 2458 4503 Neces-

1391 4538 1518 4587 sario
1545 4537 1892 4600 corrigendum
1918 4536 2138 4584 studium
2165 4534 2293 4582 nihil
2304 4534 2459 4595 prod-
