3242 5500
458 590 766 641 616661661166.
795 576 812 654 t
841 575 921 642 135.
1181 579 1251 646 333

126 761 280 856 gratiam
305 762 437 834 tardior
461 763 498 834 in
524 789 561 834 re
588 763 730 860 publica
753 765 965 860 capessenda
996 766 1090 838 fuit?
1138 767 1251 840 Nemo

125 871 222 966 apud
243 872 414 968 populum
440 873 572 960 fortior,
599 898 702 945 nemo
720 874 843 945 melior
861 882 1010 960 senator,
1037 875 1132 948 idem
1149 877 1249 949 166116

125 981 282 1076 optimus
316 983 525 1078 imperator,
562 983 715 1079 denique
737 983 827 1054 nihil
848 985 884 1055 in
910 984 974 1056 hac
1000 985 1140 1058 civitate
1162 996 1250 1059 tem-

125 1088 272 1183 poribus
306 1090 376 1162 illis
412 1091 491 1162 sciri
527 1092 656 1164 discive
678 1093 815 1188 potuit,
843 1093 938 1187 quod
960 1094 1019 1165 1116
1044 1119 1115 1166 666
1141 1121 1252 1191 quum

126 1199 347 1295 investigarit
381 1208 416 1272 et
447 1201 584 1287 scierit,
611 1203 816 1273 1616611616
840 1203 1094 1298 conscripserit.
1147 1205 1252 1276 Nunc
1278 1225 1323 1272 166

126 1316 249 1379 666116
274 1310 433 1404 plerique
455 1310 500 1381 ad
525 1309 673 1382 honores
691 1311 955 1406 adipiscendos,
982 1323 1016 1384 et
1032 1312 1077 1384 ad
1094 1338 1168 1385 rem
1185 1339 1250 1408 pu-

127 1415 257 1488 blicam
293 1418 485 1514 gerendam
522 1419 609 1491 nudi
644 1420 791 1491 veniunt
828 1429 932 1516 atqua
957 1421 1127 1509 inermes,
1154 1424 1252 1495 66116

127 1527 331 1620 cognitione
366 1552 503 1614 rerum,
543 1530 640 1601 nulla
678 1531 824 1602 66166116
859 1531 990 1616 616611;
1031 1531 1084 1603 616
1122 1532 1251 1628 aliquis

127 1636 268 1708 excellit
305 1661 441 1708 66666
479 1638 620 1724 6161116,
647 1639 746 1710 effert
772 1665 828 1724 se,
857 1641 885 1711 si
910 1664 1022 1712 66616
1046 1641 1180 1737 aliquid
1200 1643 1249 1714 61-

127 1745 217 1852 16111,
255 1754 315 1818 661
339 1746 501 1818 bellicam
521 1747 707 1833 virtutem,
733 1757 794 1820 661
817 1773 922 1820 66616
946 1750 1099 1845 aliquem
1122 1752 1251 1823 milita-

127 1879 202 1926 rem
241 1859 345 1950 (quae
383 1880 466 1927 6666
489 1881 584 1928 6666
605 1857 749 1952 quidem
774 1857 1056 1945 obsoleverunt),
1083 1869 1144 1932 661
1166 1861 1253 1934 16116

129 1964 314 2036 6616611616
356 1972 415 2051 (66
446 1965 522 2036 6166
545 1965 688 2061 quidem
714 1967 885 2040 universi:
914 1992 993 2039 narn
1012 1969 1251 2063 pontificium,

128 2073 225 2168 quod
261 2085 315 2145 est
337 2075 584 2159 coniunctum,
611 2099 715 2146 66166
739 2075 880 2162 discit),
907 2086 968 2148 661
993 2078 1250 2172 eloquentiam,

128 2207 235 2277 quam
260 2183 298 2254 in
321 2184 470 2254 clamore
495 2192 529 2255 et
551 2184 587 2254 in
612 2183 797 2256 verborum
815 2209 920 2256 cursu
937 2186 1086 2282 positam
1104 2197 1249 2283 putant:

127 2292 288 2363 omnium
321 2317 402 2363 vero
437 2292 609 2364 bonarum
642 2293 792 2379 artium,
831 2293 982 2390 denique
1004 2296 1172 2368 virtutum
1198 2299 1250 2394 ip·

127 2425 246 2472 sarum
269 2401 471 2473 societatem
492 2403 805 2498 cognationemque
830 2427 901 2474 non
927 2413 1068 2477 norunt.

178 2510 270 2595 Sed,
307 2519 348 2582 61
382 2510 427 2582 ad
458 2512 609 2583 Graecos
633 2511 780 2583 16161616
805 2513 999 2584 6161166616
1029 2514 1171 2609 (quibus
1194 2540 1248 2587 ca·
1276 2531 1323 2598 31

128 2645 201 2691 1616
237 2621 276 2691 16
314 2619 379 2690 hoc
414 2619 557 2714 quidem
593 2621 762 2692 sermonis
795 2646 924 2717 genere
947 2647 1018 2694 non
1043 2649 1248 2718 possumus:
1278 2672 1323 2722 137

129 2754 231 2815 nam,
269 2737 312 2801 61
345 2729 485 2802 11116116
512 2756 532 2801 6
556 2729 704 2815 6661116,
732 2729 781 2802 616
806 2731 985 2803 doctrinae
1007 2741 1090 2804 sunt
1112 2732 1156 2805 ab
1182 2734 1251 2806 illis

128 2840 291 2935 exempla
308 2840 498 2935 petenda),
526 2847 660 2934 septem
677 2840 785 2911 161666
803 2840 970 2913 (11666161
988 2866 1058 2913 666
1075 2851 1249 2938 tempore,

127 2950 188 3045 qui
212 2950 389 3044 sapientes
414 2955 449 3020 61
467 2948 700 3035 haberentur,
727 2957 762 3020 et
778 2958 994 3022 vocarentur.
1040 2950 1090 3023 Hi
1107 2952 1248 3039 omnes,

126 3065 265 3154 praeter
297 3057 479 3130 Milesium
510 3057 664 3144 Thalen,
691 3058 892 3131 civitatibus
918 3060 989 3131 suis
1012 3062 1247 3155 praefuerunt.

128 3168 219 3244 Quis
257 3167 392 3239 doctior
427 3166 552 3238 iisdem
586 3167 803 3263 temporibus
840 3168 931 3254 illis,
969 3178 1030 3241 661
1059 3170 1159 3243 66166
1180 3171 1250 3243 elo·
1345 3223 1351 3234 ·

127 3276 272 3372 quentia
306 3277 414 3349 literis
451 3277 653 3348 instructior
689 3277 796 3349 161666
833 3278 1004 3364 traditur,
1032 3305 1137 3375 quam
1159 3280 1249 3354 Pisi-

127 3386 253 3458 strati?
289 3388 351 3482 qui
378 3386 514 3481 primus
537 3384 685 3457 Homeri
710 3385 837 3473 libros,
865 3388 1027 3459 confusos
1052 3399 1174 3475 antea,
1202 3392 1250 3463 616

126 3495 342 3591 disposuisse
377 3496 525 3581 dicitur,
561 3506 601 3567 ut
636 3520 731 3566 6666
760 3494 940 3569 habemus.
993 3498 1074 3569 Non
1100 3500 1168 3569 fuit
1191 3500 1250 3571 ille

125 3605 270 3701 quidem
308 3604 442 3676 civibus
477 3605 551 3675 suis
586 3604 705 3690 utilis,
733 3605 794 3676 sed
816 3605 866 3677 ita
891 3607 1088 3702 eloquentia
1110 3608 1248 3696 floruit,

125 3910 507 3971 1666161161161,666]11661111661,
517 3910 662 3959 Ciceronem
686 3902 690 4014 ι
749 3911 803 3960 137.
823 3912 849 3958 iu
863 3912 907 3959 tor
921 3912 1017 3972 quidem
1029 3917 1148 3963 sermonis
1153 3931 1250 3980 genere.

125 3989 149 4035 h.
168 3990 187 4035 1,
201 3988 347 4049 reliquisse,
362 3990 431 4035 illum
443 4003 478 4036 66.
497 3992 578 4052 negt:
601 3989 662 4037 nihil
713 3990 838 4037 Revocavi
859 3990 948 4050 Praep.
970 3990 1008 4047 tn,
1031 4006 1104 4053 quam
1125 3996 1251 4044 novissimi

124 4066 205 4115 obstat
221 4068 242 4113 Ι.
258 4072 279 4125 ξ.
296 4070 344 4123 48,
359 4082 440 4128 neque
455 4082 512 4114 mox
531 4072 542 4125 ξ
560 4069 615 4115 136.
714 4068 827 4115 Editores
851 4068 993 4117 omiserant.
1027 4070 1157 4121 Ablativns
1179 4074 1250 4123 abso-

146 4147 216 4194 136.
230 4145 663 4213 616611661666661111666666161116.
713 4147 780 4194 lutus
807 4146 879 4195 huius
908 4148 1005 4209 generis
1031 4149 1171 4211 incognitus
1199 4158 1249 4201 est:

124 4225 180 4271 Non
194 4222 374 4271 confundenda
387 4228 424 4271 est
439 4224 664 4272 haeclocutiocum
714 4238 863 4285 quamquam
891 4225 980 4273 dicitur
1004 4226 1047 4274 166
1062 4230 1167 4287 populo,
1187 4230 1204 4277 1.
1228 4245 1249 4279 e.

123 4300 181 4357 1116,
203 4316 268 4361 quae
287 4305 366 4348 exstat
387 4306 399 4359 ξ
416 4303 478 4357 143,
493 4316 568 4349 66166
582 4304 663 4349 661661-
714 4316 790 4362 quum
804 4303 860 4350 talis
874 4304 981 4363 populus
996 4310 1041 4353 est.

125 4381 175 4425 lere
195 4393 228 4426 ex
248 4380 372 4437 omnibus,
394 4394 457 4440 quae
475 4395 596 4427 summam
610 4381 664 4427 lau·
747 4382 860 4441 eaempla
878 4382 994 4441 peteuda.
1029 4386 1083 4432 Hoo
1096 4398 1251 4435 correxeram

124 4457 180 4504 dem
207 4457 328 4505 66611661.
371 4458 420 4506 Sed
441 4471 485 4519 per
505 4473 531 4507 se
551 4472 616 4505 6666
636 4459 666 4505 de
714 4473 761 4519 pro
774 4460 844 4521 vulg.
860 4460 1004 4520 repetenda,
1021 4466 1046 4509 et
1059 4464 1172 4512 assumsit
1184 4478 1251 4513 16666

124 4537 209 4582 nrultir
223 4535 243 4583 is
258 4540 311 4592 est,
327 4535 396 4583 66166
410 4536 501 4584 61161166
515 4537 664 4595 multisunt,
714 4536 822 4585 16116666
836 4538 966 4587 Pideritius
974 4574 981 4597 ,
1002 4540 1042 4599 qui
1055 4540 1174 4590 librorum
1189 4558 1250 4605 quo·

126 4615 262 4661 61011161.
273 4618 284 4671 ξ
296 4614 349 4661 109:
359 4614 515 4676 6661661116,
525 4616 601 4675 adI.§
610 4618 665 4664 132.
702 4620 704 4622 ’
716 4629 763 4675 que
778 4616 948 4664 6661611161616
963 4619 1041 4666 affert.
