3242 5500
461 551 574 612 iruna
601 564 739 613 narnus
766 548 783 628 i
810 547 892 615 221.
1196 550 1241 620 97

125 745 238 823 ornat,
262 760 376 831 neque
401 736 476 809 vult
502 737 548 808 ita
574 737 711 832 sapiens
736 738 827 809 inter
850 738 973 810 stultos
990 738 1116 825 videri,
1144 746 1182 810 ut
1199 738 1241 823 ii,

124 847 182 943 qui
215 846 379 931 audiant,
404 854 465 918 aut
489 846 590 917 illum
614 849 775 942 ineptum
798 857 833 919 et
859 848 1070 920 Graeculum
1095 855 1238 943 putent,

123 964 200 1042 aut,
226 956 332 1028 etiam
354 956 384 1029 si
405 956 505 1027 valde
529 955 683 1052 probent·
704 957 888 1053 ingenium
910 958 1076 1043 oratoris,
1102 958 1238 1053 sapien·

123 1068 203 1139 tiam
227 1066 459 1151 admirentur,
484 1090 520 1137 se
545 1090 620 1139 esse
643 1066 767 1139 stultos
789 1067 935 1139 moleste
955 1067 1087 1154 ferant,
1111 1066 1240 1140 sedita
1266 1091 1312 1137 ses

122 1182 277 1271 peragrat
311 1199 374 1270 per
407 1175 542 1247 animos
576 1174 783 1261 hominum,
815 1177 865 1247 ita
888 1199 1010 1248 sensus
1035 1185 1240 1271 mentesque

122 1291 322 1379 pertractat,
354 1292 393 1356 ut
424 1307 496 1355 non
525 1283 698 1357 desideret
722 1283 1011 1379 philosophorum
1036 1285 1239 1381 descriptio·

121 1418 200 1480 nes,
236 1417 352 1488 neque
386 1394 546 1489 exquirat
578 1394 753 1480 oratione,
783 1417 961 1465 summum
994 1394 1085 1467 illud
1106 1394 1241 1466 bonum

119 1502 154 1573 in
186 1502 350 1575 animone
383 1503 449 1589 sit,
484 1526 530 1574 an
562 1502 600 1574 in
633 1528 796 1599 corpore,
821 1503 973 1589 virtute,
999 1527 1044 1574 an
1063 1503 1241 1599 voluptate

119 1611 324 1699 definiatur,
359 1636 403 1684 an
429 1610 513 1684 haec
535 1612 626 1684 inter
651 1637 687 1685 se
711 1612 814 1708 iungi
838 1613 1063 1708 copularique
1087 1612 1239 1709 possint,

120 1745 274 1808 auvam,
300 1728 341 1793 ut
354 1719 566 1815 quibusdam
579 1722 710 1808 visum,
736 1722 825 1794 nihil
842 1717 1009 1817 [certum]
1029 1722 1128 1808 sciri,
1151 1721 1241 1792 nihil

118 1830 215 1925 plane
237 1831 402 1926 cognosci
434 1838 469 1903 et
491 1831 623 1926 percipi
647 1832 767 1926 possit.
806 1832 968 1907 Quarum
989 1856 1107 1903 rerum
1131 1831 1240 1903 fateor

38 1986 47 1998 ·
118 1964 278 2035 magnam
310 1940 612 2035 multiplicemque
646 1964 720 2012 esse
751 1940 997 2036 disciplinam,
1028 1948 1063 2012 et
1088 1940 1236 2026 multae,

117 2049 266 2144 copiosas
292 2050 474 2145 variasque
497 2050 665 2135 rationes3
706 2049 767 2121 sed
797 2049 895 2122 aliud
917 2048 1107 2145 quiddam,
1132 2049 1236 2143 longe

117 2158 225 2245 aliud,
263 2160 409 2245 Crasse,
451 2158 661 2253 quaerimus.
709 2158 824 2231 Acuto
847 2158 989 2230 homine
1019 2157 1122 2230 nohis
1147 2182 1235 2254 opus
1260 2188 1308 2236 eea

117 2275 183 2353 est,
206 2276 241 2341 et
265 2276 393 2341 natura
415 2292 552 2364 usuque
576 2268 721 2353 callide,
746 2268 807 2362 qui
826 2268 996 2363 sagaciter
1006 2268 1234 2364 pervestiget,

116 2376 196 2469 quid
225 2378 281 2449 sui
311 2378 423 2463 cives,
449 2377 545 2471 iique
570 2376 750 2462 homines,
775 2376 905 2472 quibus
927 2375 1061 2471 aliquid
1086 2376 1235 2449 dicendo

115 2486 318 2579 persuadere
330 2486 431 2571 velit,
446 2486 617 2581 cogitent,
633 2485 795 2571 sentiant,
809 2485 1008 2581 opinentur,
1023 2493 1232 2581 exspectent.

114 2594 239 2668 Teneat
272 2602 408 2691 oportet
442 2618 547 2666 venas
584 2594 753 2691 cuiusque
791 2595 951 2690 generis,
974 2595 1118 2681 aetatis,
1141 2595 1232 2668 ordi·
1261 2610 1306 2679 52

114 2705 185 2791 nis,
210 2713 243 2779 et
268 2729 413 2791 eorum,
437 2704 531 2800 apud
555 2727 642 2800 quos
667 2702 801 2800 aliquid
825 2712 926 2800 aget,
956 2698 1033 2799 [aut
1056 2704 1120 2776 erit
1137 2713 1232 2778 actu·

114 2810 203 2911 rus]
228 2822 368 2887 mentes
392 2838 583 2909 sensusque
608 2813 791 2909 degustet,
815 2813 1103 2909 philosophorum
1116 2822 1234 2887 autem
1259 2846 1306 2892 aar

113 3033 409 3043 -ι------..

112 3193 148 3227 rea
165 3183 245 3228 motae
265 3181 355 3228 decere
371 3179 473 3228 dicuat.-
489 3184 514 3228 et
528 3180 589 3230 haec
602 3180 649 3230 fuit
698 3179 757 3242 quid
771 3180 832 3238 hoc,
846 3193 923 3242 quum
930 3179 1056 3237 fficuntur,
1071 3180 1236 3243 etiamaipro·

113 3259 331 3320 Peripateticorum
345 3259 474 3306 sententia.
696 3258 758 3308 bent
770 3259 899 3322 ingenium
910 3257 1027 3315 oratoris,
1041 3257 1236 3322 (tamen)admi-

141 3339 196 3385 221.
212 3339 304 3385 orator
318 3338 400 3384 autem
411 3339 492 3384 omnia
503 3338 562 3386 laec
573 3363 615 3384 —.
624 3338 647 3386 Si
697 3337 745 3385 rari
772 3337 936 3398 sapientiam?
983 3337 1108 3384 Revocata
1129 3338 1236 3400 negandi

111 3413 170 3464 bene
195 3431 221 3464 se
243 3414 323 3464 habet
344 3414 393 3462 hoc
412 3429 492 3463 novae
513 3416 649 3464 sententiae
697 3415 834 3476 particula,
853 3429 916 3475 quae
929 3413 967 3462 bia
980 3414 1086 3471 excidit,
1100 3413 1137 3462 aie
1150 3416 1235 3477 legen-

112 3493 216 3552 initium,
234 3493 360 3556 suspicor,
374 3498 431 3542 aute
445 3494 508 3542 haec
517 3493 648 3555 aliaquae-
698 3494 757 3541 dum
775 3497 827 3549 eat,
841 3493 990 3552 sapientiam
1002 3507 1051 3540 noa
1066 3493 1236 3552 admirentur,

111 3571 163 3618 dam
175 3573 312 3630 excidisse,
328 3571 444 3632 quoniam
456 3585 499 3630 ea,
511 3585 574 3634 quae
582 3585 648 3620 nunc
698 3585 742 3619 aec
754 3585 781 3618 re
793 3584 846 3618 erre
858 3572 950 3618 stultos
962 3571 1164 3630 molectcferant.
1182 3572 1235 3633 Ap·

111 3649 274 3712 disputantur,
294 3650 361 3698 nihil
373 3649 427 3698 iere
441 3651 567 3714 attingunt
580 3651 648 3699 illam
697 3653 769 3712 peret
781 3649 919 3698 Antonium
932 3648 1074 3704 haerede,
1088 3648 1158 3696 illam
1171 3649 1236 3697 Stoi·

111 3730 275 3787 quaeetionem
303 3729 336 3776 de
363 3727 470 3777 motibus
493 3729 647 3787 animorum,
698 3741 783 3775 corum
804 3725 997 3788 disputationem
1015 3726 1047 3774 de
1067 3725 1179 3788 perfecto
1196 3741 1235 3776 aa·

110 3806 150 3853 sed
162 3807 242 3870 potius
256 3821 315 3855 eam
329 3807 362 3854 de
373 3807 440 3868 turpi
451 3806 601 3865 ethonesto,
616 3807 648 3855 de
697 3806 780 3868 piente
794 3806 872 3868 vulgo
885 3805 1014 3853 ridiculam
1027 3805 1108 3853 visum
1120 3805 1159 3854 iri.

109 3881 170 3933 bono
183 3887 307 3945 amalo,
327 3885 408 3946 deque
421 3886 548 3946 utriusque
561 3899 648 3934 norma
732 3886 789 3932 222.
814 3882 879 3931 airu
905 3884 1026 3946 [certum]
1054 3885 1124 3932 ectri.
1164 3885 1236 3933 Falso

110 3966 132 4009 et
143 3963 247 4022 iudicio,
265 3965 380 4025 aliasque
393 3965 580 4012 connoversiaa.
697 3961 876 4023 interpolatum
902 3976 955 4010 esee
975 3964 1085 4020 certum,
1107 3962 1237 4025 explicabo

139 4043 447 4105 amplificatatqueornat.
465 4044 560 4100 Immo,
575 4055 646 4090 eaor·
700 4041 732 4088 ad
745 4041 794 4088 ill.
811 4045 823 4099 §
838 4040 879 4090 67.

109 4121 163 4166 rat:
191 4121 255 4169 sicut
280 4122 332 4170 111.
356 4126 368 4180 §
391 4122 452 4178 152,
473 4121 603 4168 illustrare
622 4123 648 4168 et
730 4121 787 4168 223.
797 4119 1106 4183 permonstratum]
1115 4119 1236 4166 Vitiosum

109 4209 227 4246 remeare
241 4198 392 4262 iunguntur.
696 4197 776 4258 ipsum
790 4211 835 4258 per
849 4210 889 4244 se:
905 4201 930 4245 et
943 4198 1013 4245 nullo
1027 4196 1236 4258 exemplodefen·

138 4279 166 4323 ut
177 4304 210 4312 —
221 4276 406 4325 ettamairalde
411 4277 648 4341 probeatiapem'um
697 4275 769 4323 detur
781 4275 844 4333 hoc,
858 4279 887 4322 nt
899 4275 926 4322 in
943 4275 1061 4323 eiusmodi
1068 4275 1237 4336 praecipiendi

108 4356 225 4413 oratoria,
253 4356 405 4416 sapientiam
431 4357 600 4413 admirentur,
622 4370 648 4402 se
696 4353 776 4402 forma
787 4355 879 4402 Futuro
893 4354 998 4402 addatur
1009 4355 1094 4402 Futur.
1107 4355 1236 4401 Exactum.

107 4445 154 4478 ease
172 4434 265 4482 stultos
286 4434 503 4494 moestiferae.
536 4434 647 4482 Primum
730 4435 788 4480 224.
806 4433 841 4480 ad
852 4430 1237 4492 unimemod2·[iiueu1ani]re·

107 4511 195 4558 mutavi
208 4511 413 4569 distinctionem,
428 4497 503 4572 quuin
517 4512 556 4560 edi
567 4514 648 4561 soleat
697 4512 786 4572 quiem.
835 4510 990 4558 Eiiciendum
1018 4507 1155 4566 emblema,
1187 4524 1236 4570 quo

107 4587 241 4648 inperium,
271 4590 382 4638 oratoris
401 4591 556 4651 sapientiam.
598 4591 647 4638 Sed
696 4593 793 4637 servato
821 4588 899 4637 videri
926 4588 1017 4650 poterit
1036 4602 1236 4649 unumquemque

1028 4675 1044 4727 'l
