3242 5500
476 546 589 595 crana
616 545 805 595 suesanus
833 529 851 609 Β
876 528 934 597 38.
1200 530 1268 599 185

150 718 228 814 quia
253 716 304 789 vis
327 740 456 811 magna
479 725 532 789 est
555 717 592 792 in
618 716 802 789 hominum
825 718 998 813 ingeniis,
1024 744 1066 791 eo
1082 720 1186 792 multi
1204 722 1268 793 eti·

148 827 299 919 am,sine
322 826 480 899 doctrina
504 826 639 922 aliquid
667 822 843 921 [omnium
868 852 1038 923 generum
1059 837 1164 924 etque
1187 820 1268 906 arti·

148 932 221 1031 um]
253 944 534 1031 consequuntur:
564 936 647 1022 sed,
674 936 762 1031 quid
790 936 962 1033 cuiusque
991 938 1037 1009 sit
1065 938 1267 1033 proprium,

148 1046 210 1119 etsi
230 1070 271 1119 ex
296 1070 337 1118 eo
358 1045 505 1117 iudicari
530 1052 664 1141 potest,
692 1070 802 1141 quum
827 1046 972 1132 videris,
999 1046 1086 1143 quid
1108 1071 1269 1143 quaeque

146 1155 284 1241 doceat,
325 1163 443 1229 tamen
484 1153 550 1227 hoo
589 1154 718 1227 certius
758 1178 835 1227 esse
867 1154 957 1227 nihil
992 1164 1123 1252 potest,
1161 1181 1269 1252 quam

146 1264 237 1359 quod
270 1289 393 1337 omnes
426 1271 517 1338 artes
547 1264 635 1335 alise
665 1264 741 1337 sine
775 1264 977 1359 eloquentia
1009 1290 1112 1337 suum
1138 1290 1268 1338 munus

146 1381 314 1468 praestare
336 1381 503 1470 possunt,
530 1382 645 1447 orator
667 1373 742 1445 sine
767 1397 807 1448 ea
827 1372 986 1445 obtinere
1008 1398 1138 1445 nomen
1165 1399 1269 1449 suum

145 1506 211 1555 non
241 1491 375 1578 potest:
415 1491 455 1557 ut
478 1482 612 1570 ceteri,
650 1483 678 1555 si
715 1482 836 1555 diserti
859 1482 951 1568 sint,
977 1483 1114 1579 aliquid
1135 1483 1179 1557 ab
1204 1484 1269 1556 hoc

145 1590 313 1677 habeant,
339 1591 416 1679 hio,
443 1592 513 1665 nisi
537 1591 738 1665 domesticis
763 1616 800 1663 se
824 1593 1029 1685 instruxerit
1052 1593 1184 1689 copiis,
1204 1593 1269 1690 ali-

144 1701 234 1775 unde
257 1701 400 1773 dicendi
421 1702 557 1798 copiam
581 1712 698 1798 petere
723 1725 794 1773 non
817 1702 940 1797 possit.
1246 1697 1270 1710 “’

188 1811 280 1883 Tum
311 1810 478 1896 Catulus,
504 1810 602 1896 Etsi,
629 1811 767 1906 inquit,
797 1809 954 1897 Antoni,
981 1810 1127 1883 minime
1156 1812 1267 1906 impe·
1296 1817 1341 1887 10

143 1919 291 1992 diendus
316 1927 369 1993 est
396 1914 710 2023 [interpellatione]
739 1919 805 1991 iste
826 1944 948 1993 cursus
975 1920 1142 1992 cretionis
1165 1927 1267 2005 tuae,
1295 1942 1325 1988 ao

143 2030 269 2123 patiere
305 2036 443 2115 tamen,
479 2028 637 2124 mihique
669 2029 848 2124 ignosces:
888 2053 959 2101 non
983 2029 1078 2101 enim
1102 2054 1267 2125 possum,

142 2138 223 2233 quin
248 2138 462 2224 exclamem,
489 2146 529 2211 ut
554 2139 603 2211 ait
624 2138 684 2211 ille
706 2139 743 2211 in
767 2138 993 2225 Trinummo3
1021 2138 1072 2211 ita
1092 2138 1180 2212 mihi
1198 2138 1269 2212 vim

141 2248 282 2321 oratoris
307 2272 420 2349 quum
444 2248 637 2343 exprimere
658 2246 837 2322 subtiliter
848 2247 942 2322 visus
955 2272 1010 2333 es,
1031 2255 1109 2319 tum
1126 2246 1269 2319 laudare

140 2357 397 2453 copiosissime:
436 2357 532 2454 quod,
569 2357 712 2453 quidem
735 2356 958 2452 eloquentem
982 2356 1037 2428 vel
1062 2358 1194 2452 optime
1216 2356 1233 2427 f
1254 2392 1267 2406 ·

139 2490 211 2540 cere
238 2474 379 2564 oportet
415 2462 470 2563 [ut
505 2466 743 2562 eloquentiam
779 2461 937 2561 laudet]:
976 2465 1080 2538 dehet
1104 2465 1199 2537 enim
1223 2463 1268 2536 cd

143 2598 215 2647 eam
242 2576 478 2663 laudandam,
515 2576 627 2672 ipsam
660 2576 757 2650 illam
790 2574 978 2661 adhibere,
1004 2600 1111 2670 quam
1134 2574 1266 2647 laudat.

143 2685 208 2758 Sed
232 2710 343 2783 perge
367 2710 488 2783 porro:
516 2686 582 2760 tibi
603 2686 697 2759 enim
720 2686 909 2771 assentior,
938 2692 1092 2758 vestrum
1109 2683 1267 2758 essehoc

139 2804 248 2870 totum
282 2797 413 2872 diserte
445 2795 577 2880 dicere3
603 2795 711 2890 idque
734 2796 763 2868 si
788 2795 868 2891 quis
897 2794 935 2866 in
956 2795 1024 2867 alia.
1043 2803 1117 2867 arte
1139 2794 1265 2879 faciat,

138 2929 214 2978 eum
246 2914 406 2980 assumto
435 2905 578 2978 aliunde
600 2906 654 2978 uti
678 2904 791 2992 hono,
818 2929 890 2976 non
912 2905 1075 3000 proprio,
1102 2928 1167 2976 nec
1190 2927 1263 2976 suo.
1291 2933 1324 2977 so

138 3013 180 3086 llt
205 3015 376 3102 Crassus,
404 3016 485 3086 Nox
508 3023 563 3099 te,
590 3015 727 3110 inquit,
753 3013 875 3098 nobis,
901 3013 1053 3099 Antoni,
1080 3013 1264 3110 expolivit,

136 3324 325 3383 consequuntur.
724 3324 772 3371 tete
787 3336 876 3372 earm
896 3348 938 3368 -.
963 3319 1089 3370 Credibile
1102 3334 1153 3370 non
1166 3326 1204 3370 est
1217 3323 1264 3372 Ca·

165 3401 211 3448 etei
230 3414 263 3448 ere
283 3413 312 3447 eo
327 3400 437 3450 iudicari
450 3402 546 3460 potest,
561 3429 603 3451 -·-.
618 3403 675 3452 Non
723 3403 803 3450 tulum
822 3413 941 3462 perquam
954 3399 1033 3448 otiose
1046 3413 1139 3447 nomen
1151 3399 1221 3448 istius
1235 3402 1264 3448 fi·

136 3478 249 3528 assentior
269 3478 406 3536 Pideritio,
431 3479 474 3540 qui
494 3480 565 3530 Coni.
585 3483 632 3529 etsi
650 3486 675 3530 et
724 3494 800 3543 garae
820 3477 960 3535 addidisse,
987 3491 1052 3538 quae
1071 3476 1136 3526 inter
1158 3478 1266 3540 reliquas

136 3557 213 3606 tamea
226 3557 287 3606 hinc
301 3557 414 3619 expellit,
428 3572 504 3619 quum
515 3558 577 3612 nihil
584 3573 674 3608 conce·
723 3563 780 3620 apte
799 3559 1007 3605 commemoratur
1019 3553 1098 3612 infra,
1113 3556 1162 3603 III.
1178 3559 1191 3613 ὁ
1206 3557 1264 3604 205.

136 3633 216 3693 datm,
230 3636 270 3684 cui
285 3636 328 3693 id,
343 3635 672 3696 quodsuhiicitur,eontra·
759 3636 801 3697 [at
826 3635 990 3698 eloquentiam
1010 3633 1119 3694 laudet}
1159 3633 1265 3682 Puerilis

135 3712 194 3760 n'um
207 3715 247 3762 sit.
272 3716 355 3771 Sane,
369 3714 449 3776 inquit
462 3715 600 3775 Antonius,
614 3717 676 3778 quid
722 3713 908 3775 interpretatio,
923 3727 1001 3774 quum
1012 3712 1095 3773 ipsum
1109 3712 1157 3761 hoc
1169 3712 1262 3760 iamin·

135 3791 246 3853 rataeque
266 3790 360 3857 (artie)
380 3794 416 3842 est
430 3795 578 3854 proprium,
597 3809 630 3842 ee
647 3810 674 3844 eo
722 3792 819 3842 dicetur
840 3791 954 3840 Relativo
975 3792 1047 3852 quod.
1082 3792 1129 3849 Et,
1151 3791 1262 3852 quando·

135 3868 237 3918 iudicari
240 3871 336 3931 potest,
344 3885 419 3933 qaam
426 3873 526 3930 υέᾱονίε,
534 3874 673 3934 qaidqaae-
701 3907 703 3911 ψ
722 3872 823 3933 quidem
836 3870 929 3932 faeere
948 3871 1046 3930 oportet
1062 3869 1197 3932 significet,
1211 3870 1264 3920 neri

135 3959 179 4006 que
192 3947 279 3998 docem
293 3948 335 4013 (ut
347 3954 416 3998 recte
430 3951 537 4000 correxit
550 3952 673 4013 Kayserus
721 3949 792 3998 aliter
806 3964 858 3998 non
872 3962 958 4010 posse,
972 3947 1032 4013 quin
1045 3947 1263 4005 faciat,ahsonum

134 4027 199 4088 vulg.
219 4026 355 4091 doceant),·
373 4030 417 4077 sed
431 4031 513 4078 tamea
526 4030 574 4078 hoe
588 4031 672 4080 certis·
721 4034 771 4088 est,
786 4029 854 4090 quod
867 4025 1009 4084 subiicitur,
1024 4027 1095 4074 debet
1107 4027 1262 4074 enim—ad·

133 4104 217 4154 simum
231 4111 270 4156 est
284 4134 328 4154 -.
721 4105 818 4165 hibere,
839 4106 906 4167 quod
924 4119 969 4167 per
987 4104 1076 4153 seiam
1089 4104 1202 4167 ineptum
1215 4108 1262 4153 eat.
1333 4099 1342 4121 ⁹

164 4199 236 4246 qaam
264 4184 332 4246 quod
356 4199 438 4234 omnes
460 4213 494 4221 —
519 4201 567 4236 noa
582 4189 671 4248 poerit.
721 4185 878 4248 Corrigatur,
893 4183 1195 4232 etenim-adticet-.

132 4261 258 4314 Struetme
279 4263 344 4311 haee
357 4263 446 4312 vitiosa
459 4269 497 4313 est
510 4270 567 4326 post
579 4267 673 4316 certios
754 4277 802 4311 coa
810 4263 931 4324 proprio,
946 4276 991 4310 aec
1002 4276 1055 4310 sao.
1089 4263 1128 4310 De
1142 4260 1262 4322 hissupra

133 4355 181 4388 erse
200 4341 265 4389 nihil
279 4344 380 4400 potest.-
404 4343 586 4404 requiriturque
608 4345 670 4403 hoc,
721 4342 820 4400 notavi,
835 4343 868 4390 ad
881 4342 903 4390 1.
919 4346 931 4400 §
950 4340 1007 4390 217.

132 4431 202 4479 qaam
215 4434 294 4481 qaam
307 4424 671 4483 omues—praestarepossiat,
754 4421 795 4470 40.
813 4420 887 4474 auius
906 4419 1034 4469 cuiusdam
1047 4418 1136 4478 operis.
1172 4416 1197 4464 Si
1211 4417 1260 4466 Co-

131 4499 253 4545 oratcrem
270 4524 306 4532 —
319 4512 367 4546 aaa
375 4513 456 4558 posse.
721 4499 777 4548 mici
790 4500 884 4547 dictum
899 4503 949 4555 est,
963 4497 1040 4560 ipsius
1051 4495 1259 4553 verhisrelatum,
1283 4493 1288 4500 “

163 4576 203 4622 39.
223 4576 438 4636 inmedtmduseet
448 4579 670 4640 [interpellatione]
722 4578 905 4626 excludendum
932 4591 984 4626 esse
1011 4574 1099 4637 opinor
1124 4574 1258 4622 rotradum,
