3242 5500
381 534 450 601 ara
657 528 661 539 ·
723 510 844 601 nam
863 552 1034 606 ananus.
1062 535 1080 615 s
1106 534 1164 602 aa.

379 734 513 797 oratore
548 726 661 798 dicam
698 749 840 797 necesse
873 732 936 797 est.
988 724 1053 796 Vis
1088 724 1183 796 enim
1215 730 1251 795 et
1284 729 1411 794 natura
1433 724 1501 808 rei,

381 834 450 906 nisi
475 835 627 929 perlecta
651 844 733 908 ante
758 835 877 907 oculos
899 835 1060 930 ponitur,
1086 834 1201 929 qualis
1226 840 1261 905 et
1286 841 1420 928 quanta
1444 833 1501 918 sit,

380 944 533 1039 intelligi
564 968 634 1017 non
658 953 786 1040 potest.
839 944 900 1016 Me
922 953 1061 1030 autem,
1088 943 1234 1030 Catule,
1256 943 1368 1015 fateor
1390 966 1501 1036 neque

380 1052 485 1125 hodie
519 1054 556 1125 in
593 1052 670 1147 istis
702 1053 822 1140 libris,
856 1061 889 1125 et
919 1078 1000 1125 cnm
1033 1053 1110 1125 istis
1140 1050 1346 1124 hominibus
1370 1051 1500 1136 vivere,

380 1186 445 1234 nee
477 1186 576 1249 vero,
610 1164 647 1236 id
672 1162 768 1259 quod
790 1171 832 1235 tn
855 1170 948 1235 recte
971 1161 1264 1247 commeministi,
1287 1161 1404 1233 ullum
1426 1185 1499 1231 nm·

380 1296 486 1367 quarn
518 1272 683 1345 habuisse
715 1272 909 1367 sepositum
945 1279 1086 1368 tempus
1123 1271 1168 1343 ad
1202 1270 1432 1356 discendum,
1464 1295 1501 1342 ac

380 1388 516 1453 tantum
562 1380 728 1454 tribuisse
770 1381 949 1455 doctrinae
982 1382 1172 1477 temporis,
1209 1386 1384 1475 quantum
1416 1379 1501 1451 mihi

383 1485 544 1585 [puerilis
566 1500 660 1563 aetas
675 1485 701 1585 ,]
729 1490 884 1563 forenses
909 1490 1015 1562 feriae
1039 1489 1286 1563 concesserint.

308 1598 354 1667 23
428 1599 482 1672 Ac
513 1601 542 1672 si
572 1600 733 1694 quaeris,
768 1599 915 1685 Catule,
951 1598 995 1671 de
1027 1599 1186 1671 doctrina
1218 1599 1287 1670 ista
1319 1596 1408 1693 quid
1438 1620 1501 1691 ego

323 1722 354 1769 8⁶
380 1708 528 1781 sentiam
539 1742 548 1794 ;
575 1733 645 1780 non
668 1715 808 1781 tantum
832 1708 1016 1804 ingenioso
1038 1707 1195 1795 homini,
1220 1715 1256 1779 et
1280 1707 1334 1793 ei,
1361 1706 1424 1802 qui
1451 1705 1499 1777 fo·

381 1841 479 1903 rum,
506 1818 567 1913 qui
588 1818 741 1903 curiam,
768 1818 830 1914 qui
855 1843 997 1904 causas,
1023 1817 1180 1913 quirem
1202 1815 1382 1912 publicam
1405 1838 1499 1910 spec·

380 1934 452 2012 tet,
479 1951 567 2023 opus
593 1951 668 1999 esse
690 1926 840 2000 arbitror
864 1927 1049 2023 temporis,
1075 1934 1248 2023 qnantum
1269 1924 1338 1998 sibi
1361 1924 1386 1996 ii
1408 1948 1499 1995 sum·

381 2044 522 2121 serunt,
549 2060 637 2133 quos
660 2036 832 2109 discentes
853 2038 925 2109 vita
949 2037 1087 2110 defecit.
1139 2036 1272 2109 Omnes
1293 2034 1390 2107 enim
1413 2043 1500 2105 artes

380 2145 481 2218 aliter
514 2145 557 2217 ab
592 2146 634 2219 iis
650 2132 877 2234 tractantur,
898 2148 960 2243 qui
982 2172 1040 2219 eas
1062 2146 1108 2218 ad
1130 2171 1236 2219 usum
1261 2144 1498 2228 transferunt,

381 2254 483 2326 aliter
513 2253 557 2326 ab
592 2255 655 2341 iis,
688 2256 770 2349 qni,
804 2256 960 2350 ipsamm
993 2256 1121 2339 artium
1144 2262 1294 2328 tractatu
1319 2252 1500 2337 delectati,

381 2363 471 2435 nihil
491 2365 529 2436 in
549 2365 621 2436 vita
642 2372 725 2436 sunt
745 2364 844 2437 alind
863 2366 984 2438 acturi.
1012 2365 1185 2461 Magister
1208 2364 1266 2436 hic
1292 2362 1502 2438 Samnitium

381 2498 518 2546 summa
550 2473 620 2545 iam
654 2481 830 2546 senectute
862 2483 916 2547 est
928 2462 937 2561 ,
975 2483 1009 2547 et
1041 2475 1199 2571 quotidie
1225 2478 1500 2554 commentatm3

381 2581 471 2655 nihil
503 2583 598 2654 enim
631 2590 728 2657 curat
753 2583 866 2657 aliud:
899 2592 936 2656 at
959 2586 1002 2660 Q.
1025 2583 1188 2665 Velocius
1213 2606 1303 2680 puer
1325 2580 1500 2655 addidice-

381 2699 451 2778 rat;
486 2691 547 2764 sed
578 2692 673 2789 qnod
704 2699 777 2766 erat
800 2700 905 2790 aptus
925 2693 1082 2774 adillud
1106 2702 1292 2789 totumque
1316 2697 1500 2788 cognorat,

380 2802 468 2888 fuit,
493 2811 533 2875 ut
558 2809 610 2875 est
635 2803 731 2898 apud
754 2803 951 2890 Lucilium,

669 3001 718 3012 -
743 2961 900 3056 quamvis
924 2961 1030 3043 bortrus
1050 2961 1124 3057 ipse

402 3082 403 3086 ’
477 3065 621 3144 Samnis
637 3069 677 3166 in
696 3071 776 3144 lado
795 3096 837 3156 ac
860 3070 1015 3152 vadibus,
1038 3070 1147 3154 cuivis
1167 3069 1254 3152 sotis
1274 3095 1397 3165 asper:

381 3239 442 3320 sed
470 3237 552 3341 plus
587 3265 713 3337 operae
746 3241 820 3312 foro
853 3241 1047 3328 tribuebat,
1080 3242 1222 3328 amicis,
1252 3240 1303 3320 rei
1327 3237 1499 3319 familiari„

380 3346 541 3429 Valerius
575 3349 734 3444 quotidie
766 3349 948 3428 cantabat:
981 3359 1054 3422 erat
1087 3351 1181 3425 enim
1215 3350 1393 3424 scenicus:
1417 3345 1499 3443 quid

321 3492 352 3544 ⁸⁷
378 3457 505 3530 laceret
535 3457 658 3530 aliud?
691 3466 727 3531 at
763 3460 956 3532 Numerius
983 3460 1132 3546 Furius,
1158 3468 1276 3532 noster
1300 3458 1499 3542 familiaris,

378 3590 489 3661 quum
523 3575 575 3639 est
598 3568 840 3656 commodum,
866 3577 998 3642 cantat:
1038 3577 1091 3642 est
1113 3569 1207 3641 enim
1232 3568 1498 3664 paterfamilias,

377 3682 428 3747 est
452 3699 558 3783 eques
584 3677 782 3764 Romanus;
807 3703 896 3774 puer
918 3679 1059 3766 didicit,
1080 3679 1175 3775 quod
1197 3677 1406 3759 discendum
1421 3676 1496 3749 fuit.

411 4012 451 4058 86.
465 4008 532 4070 puer
551 4013 715 4062 addidicerat.
750 4015 857 4074 Quidni,
875 4017 915 4063 ‹a-
998 4014 1496 4079 samartatorermnafiuna.nu-

375 4089 490 4138 dicarat?
503 4095 531 4138 nt
543 4105 616 4148 mox,
635 4091 731 4141 didicit.
766 4093 913 4156 Scripsitne,
964 4096 988 4142 la
1000 4094 1026 4142 in
1034 4093 1367 4157 hacdispntationeintelligi
1374 4098 1496 4156 potestas

371 4181 438 4227 puer
451 4169 580 4216 admodum
594 4170 664 4218 did?
962 4185 1020 4219 ram
1032 4173 1145 4236 affidatio.
1162 4174 1276 4221 Fortasse
1281 4173 1425 4228 rectiusest,
1438 4171 1496 4235 aqi!-

397 4247 450 4306 ,87.
462 4247 621 4296 certantum
627 4261 718 4306 aumas,
727 4253 847 4311 quantum
854 4264 915 4311 opus
961 4252 1109 4308 studiosam,
1123 4255 1152 4299 ut
1165 4251 1264 4299 Senect.
1279 4255 1292 4308 5
1307 4253 1349 4308 23,
1360 4250 1498 4299 inamata

375 4325 418 4371 ait.
433 4325 508 4372 Nulla
516 4325 578 4374 ratio
585 4331 623 4374 est
630 4327 787 4376 Coniunctivi
794 4330 838 4376 ait.
849 4330 913 4376 Tum
961 4328 1496 4393 Mactadioramayitatioaitaeaaqnaltsffit.

376 4401 416 4449 hic
424 4402 598 4465 corrigendum
606 4409 650 4462 est,
659 4409 769 4466 opacent,
777 4406 913 4455 sieutrecte
996 4409 1054 4456 lieet
1077 4411 1159 4456 autem
1177 4421 1275 4469 semper
1294 4408 1399 4456 docere.
1431 4409 1498 4456 Haec
1607 4392 1608 4425 l

376 4480 456 4528 editur
474 4485 486 4539 ξ
507 4481 567 4540 108;
587 4485 653 4541 tum,
676 4488 688 4542 ξ
704 4485 746 4540 96,
762 4485 912 4534 servandum
961 4489 1012 4537 tam
1031 4485 1136 4548 abrupte
1156 4487 1304 4535 sententiam
1323 4485 1457 4543 inchoant,
1470 4490 1496 4532 ut

376 4572 436 4619 opus
449 4561 495 4617 stt,
512 4573 542 4607 ex
555 4560 650 4610 ratione
668 4563 810 4624 syntecticis.
961 4579 1042 4626 neque
1062 4579 1118 4618 cum
1139 4563 1321 4627 superioribus,
1343 4579 1424 4627 neque
1441 4579 1495 4618 cum
