3242 5500
448 548 561 598 urana
586 548 789 600 sncunnus.
818 532 837 613 §
863 530 945 600 312.
1189 528 1258 599 247

138 748 209 795 mos
243 721 473 818 degrediendi
510 721 626 807 loeus,
657 722 710 793 vel
735 720 954 817 argumentis
979 720 1108 791 nostris
1132 721 1257 791 confir-

138 832 254 917 matis,
292 831 347 906 vel
383 830 565 903 contrariis
601 831 781 916 refutatis,
820 830 875 903 vel
908 837 1057 925 utroque
1081 828 1176 915 loeo,
1202 831 1256 902 vel

137 940 315 1027 omnibus,
342 940 371 1013 si
396 939 501 1013 habet
526 962 602 1012 eam
626 964 731 1011 causa
748 939 959 1036 dignitatem
976 947 1082 1033 atque
1099 938 1256 1035 copiam,

137 1058 224 1123 recte
258 1050 297 1122 id
332 1050 408 1121 fieri
437 1057 571 1145 potest:
598 1073 728 1147 eaeque
752 1073 877 1121 cauma
902 1055 985 1121 sunt
1009 1047 1055 1118 ad
1078 1048 1255 1143 agendum

136 1167 169 1231 et
200 1159 244 1231 ad
278 1159 476 1231 ornandum
512 1158 735 1254 gravissimae
765 1167 872 1255 atque
895 1157 1139 1253 plenissimae,
1166 1182 1256 1253 quae

136 1268 300 1363 plurimos
337 1268 452 1341 exitus
488 1268 574 1340 darit
610 1267 655 1340 ad
688 1266 861 1339 eiusmodi
898 1266 1178 1362 degressionem,
1215 1277 1256 1339 ut

136 1378 175 1450 iis
207 1377 292 1451 loeis
330 1378 383 1450 uti
413 1377 533 1463 liceat,
560 1378 689 1473 quibus
715 1378 914 1449 animorum
938 1376 1092 1471 impetus
1114 1399 1254 1461 eorum,

135 1487 192 1582 qui
215 1488 386 1574 audiunt,
412 1494 474 1559 aut
496 1487 738 1583 impellantur,
765 1494 827 1558 aut
852 1485 1086 1557 reflectantur.
1137 1483 1256 1581 Atque
1282 1502 1328 1549 ³1³

134 1595 234 1667 etiam
271 1596 309 1668 in
331 1596 392 1668 illo
413 1595 630 1692 reprehendo
659 1620 737 1681 eos,
764 1596 848 1692 qui,
874 1618 965 1691 quae
987 1594 1132 1665 minime
1155 1595 1256 1666 firma

133 1711 228 1791 sunt,
268 1729 309 1777 ea
344 1704 458 1802 prima
495 1705 683 1778 collocant:
716 1705 754 1777 in
780 1728 850 1801 quo
874 1703 953 1775 illos
977 1727 1118 1799 quoque
1143 1727 1256 1776 errare

132 1812 295 1899 arbitror,
323 1814 405 1909 qui,
432 1813 627 1909 siquando
656 1814 704 1901 (id
732 1813 829 1909 quod
853 1811 941 1884 mihi
966 1837 1162 1908 numquam
1178 1813 1253 1908 pla·

131 1922 210 2009 euit)
250 1923 370 2019 plures
407 1922 577 1995 adhibent
609 1930 795 2019 patronm,
833 1929 873 1995 ut
905 1921 942 1993 in
967 1946 1107 2018 quoque
1132 1946 1253 1994 eorum
1288 2014 1292 2026 ι

130 2032 312 2104 minimum
337 2039 464 2128 putant
489 2056 583 2118 esse,
610 2032 659 2104 ita
689 2056 770 2104 eum
799 2032 953 2128 primum
978 2032 1103 2103 volunt
1125 2031 1251 2103 dicere.

131 2141 196 2213 Res
232 2141 329 2213 enirn
364 2141 429 2213 hoo
466 2142 643 2238 postulat,
679 2150 719 2213 ut
744 2165 865 2213 eorum
888 2141 1161 2236 exspectationi,
1192 2141 1254 2236 qui

130 2252 295 2337 audiunt,
335 2276 440 2347 quam
478 2251 656 2323 celerrime
685 2258 904 2337 occurratur-3
935 2250 993 2322 oui
1018 2250 1047 2321 si
1070 2250 1174 2322 initio
1191 2274 1252 2321 sa·

129 2360 304 2434 tisfaotum
348 2385 419 2432 non
458 2360 522 2447 sit,
561 2361 674 2434 multo
708 2361 788 2456 plus
825 2359 870 2432 sit
903 2359 940 2431 in
976 2360 1111 2455 reliqua
1149 2382 1253 2432 eausa

130 2469 375 2543 laborandum:
415 2469 505 2542 male
541 2471 636 2542 enim
674 2494 710 2541 se
740 2494 794 2541 res
820 2468 945 2555 hahet,
972 2493 1062 2564 quae
1085 2493 1156 2541 non
1181 2475 1251 2540 sta·

130 2579 209 2665 tim,
244 2588 286 2652 ut
315 2579 385 2651 diei
417 2586 537 2675 ooepta
568 2588 641 2666 est,
678 2578 801 2651 melior
833 2579 910 2650 fieri
938 2577 1085 2651 videtur.
1136 2577 1252 2673 ErgO,
1277 2603 1329 2650 ers

131 2696 167 2762 ut
201 2690 238 2763 in
275 2697 411 2762 oratore
451 2688 604 2785 optimus
640 2689 810 2786 quisque,
850 2688 899 2760 sie
933 2688 970 2760 in
1006 2687 1162 2760 oratioue
1192 2687 1250 2758 fir·

129 3004 244 3066 siquidem
266 3005 315 3054 hoc
329 3010 502 3068 argumentum
516 3019 661 3069 aggresrus,
712 3007 850 3054 animorum
860 3007 942 3053 motus
954 3005 1091 3064 enatare,
1106 3007 1192 3064 §3372
1206 3007 1251 3056 sed

130 3087 142 3142 ξ
165 3085 228 3142 315,
256 3098 309 3132 non
324 3085 415 3146 paucis
434 3083 594 3147 defungitur,
619 3084 663 3132 sed
711 3097 792 3145 neque
805 3083 854 3132 isto
868 3083 942 3132 modo
955 3083 1162 3144 impetusanimis
1175 3085 1251 3135 tribui

129 3160 237 3211 uberiore
275 3162 388 3210 doctrina
422 3161 499 3211 utitur
530 3175 607 3224 usqua
631 3163 663 3211 ad
711 3166 808 3223 potest,
835 3175 916 3222 neque
943 3162 1044 3212 omnino
1066 3163 1183 3223 impetum
1204 3164 1249 3212 im-

130 3242 209 3297 §332
361 3277 363 3280 .
707 3241 803 3300 pellere
823 3239 940 3288 Latinum
960 3246 1005 3288 est.
1040 3241 1121 3299 Quid,
1140 3242 1207 3302 quod
1223 3242 1250 3290 in

159 3319 214 3365 311.
231 3318 575 3378 sedhiapurtibasorationts.
586 3320 662 3367 Nem·
711 3317 758 3366 hue
772 3318 868 3380 syntaxi
875 3318 991 3366 dicuntur
998 3320 1116 3379 impetur,
1129 3320 1171 3381 qui
1177 3320 1250 3368 audi-

129 3409 157 3456 pe
176 3397 324 3445 eonmliandi
344 3401 369 3444 et
389 3399 565 3445 commonendi.-
580 3397 662 3459 itaque
710 3397 775 3444 unt?
809 3395 912 3445 Sublato
925 3396 970 3444 illo
984 3395 1158 3455 substantivo,
1172 3398 1250 3446 eor-ri·

125 3476 208 3532 parter
220 3474 352 3538 distinguit
364 3473 396 3522 ab
408 3476 568 3539 arpamentis,
584 3477 662 3534 5319.
711 3475 820 3538 gendum
829 3489 927 3532 censeo,
942 3475 1111 3536 quomam·
1117 3490 1200 3524 eorum
1207 3503 1249 3525 -.

129 3551 188 3609 Sed,
210 3552 328 3614 quoniam
347 3553 381 3600 ita
401 3554 559 3602 continuatur
576 3555 662 3603 eadem
745 3555 803 3602 314.
820 3552 1007 3601 utinoratore.
1041 3553 1173 3610 Dixeram,
1187 3554 1250 3603 haec

128 3632 281 3693 praeceptio,
303 3629 437 3693 praestabit
458 3633 503 3690 sed
521 3637 617 3681 mutare
636 3633 662 3681 in
711 3636 736 3681 et
755 3631 845 3679 iniuria
864 3635 981 3692 corrupta
1001 3629 1098 3689 habitu,
1113 3636 1137 3679 et
1150 3630 1182 3680 ab
1196 3632 1249 3681 aliis

127 3709 158 3754 et.
172 3710 238 3766 Mox,
253 3710 301 3758 ista
313 3709 446 3767 Gerunda,
461 3712 662 3774 arqamentando,
710 3709 881 3771 imprudenter
896 3709 998 3758 defensa
1012 3723 1074 3758 esse.
1099 3711 1130 3758 In
1144 3710 1182 3759 his
1196 3715 1250 3760 erat

124 3787 663 3850 perumdrndoetcmnmoaeudo,interpolata
711 3787 835 3846 Orelliua,
853 3788 895 3849 qui
907 3787 1115 3850 interpretabatur
1128 3785 1151 3833 iv
1165 3784 1197 3852 τῷ
1212 3786 1250 3834 ἀεὶ

127 3877 177 3912 esse
189 3863 255 3914 bene
268 3865 332 3914 vidit
346 3867 478 3928 Kayserus.
712 3867 803 3932 ῥήτορι,
824 3867 911 3915 vitiose
931 3868 1037 3916 relatum
1058 3865 1089 3915 ab
1106 3867 1248 3927 Ellendtio,

158 3944 213 3991 ³12.
239 3957 329 3993 caueae
351 3971 385 3980 -
404 3945 571 4006 plenissimae.
607 3948 663 3994 Hoc
712 3945 755 4007 qui
774 3945 827 4007 ipse
841 3944 981 4009 corrigebat
994 3945 1090 3994 seilicet
1103 3947 1130 3994 in
1143 3949 1248 4006 mando,

128 4019 274 4082 Superlativi
300 4025 414 4084 exemplo
438 4023 500 4071 nihil
521 4022 663 4073 debilitatur
710 4024 808 4073 reiectis
822 4024 931 4073 Schutzii
945 4027 970 4072 et
983 4024 1103 4089 Madvigii
1116 4025 1248 4075 eorrectio·

128 4111 223 4158 eorum,
245 4115 310 4163 quae
324 4091 374 4149 dini
387 4102 419 4150 ad
437 4102 458 4149 Ι.
473 4105 486 4161 t
501 4104 531 4159 2,
547 4102 662 4163 quonium
711 4101 792 4151 nibus.
828 4101 993 4152 Nihilominus
1017 4103 1176 4165 perspicuum
1196 4117 1249 4153 ease

128 4177 176 4226 sine
190 4178 289 4228 obiecto
303 4180 402 4228 dieitur.
711 4185 787 4242 puto,
808 4181 836 4226 in
848 4182 948 4229 oratore
960 4180 1024 4229 nihil
1037 4182 1105 4230 aliud
1118 4196 1187 4240 esse,
1202 4181 1250 4232 nisi

158 4258 244 4317 quidus
260 4259 513 4318 animorumimpetue
519 4271 615 4316 eorum,
629 4286 664 4294 —
712 4260 777 4321 quod
789 4257 952 4308 adoratorem
959 4261 1061 4318 attinet,
1075 4260 1248 4321 siquaeratur‚

128 4334 350 4396 mtimpetlantur,
364 4338 587 4399 autrqtertaatur.
611 4339 662 4386 No·
712 4337 766 4398 quis
779 4337 873 4398 primus
887 4338 997 4386 dicturus
1011 4339 1054 4395 eit,
1069 4338 1140 4387 sicuti
1153 4338 1180 4385 ia
1191 4352 1247 4386 ora-

128 4425 183 4460 vum
197 4414 245 4462 hoe
259 4419 312 4473 est,
327 4430 374 4464 uec
388 4413 560 4477 probandum,
575 4419 603 4463 ut
616 4416 662 4482 im·
712 4417 793 4474 tione,
808 4416 828 4464 ai
835 4421 976 4478 quaeratur,
991 4417 1058 4478 quod
1065 4421 1248 4479 argumentum,

125 4491 347 4547 peturanimorum
360 4494 474 4543 dieantur
487 4499 540 4542 tum
554 4493 663 4554 impelli,
713 4509 786 4556 quem
807 4497 890 4543 locum
911 4495 979 4556 prius
1000 4495 1105 4556 proponi
1125 4499 1248 4557 oporteat.

128 4570 177 4616 turo
197 4573 302 4633 reflecti.
332 4573 428 4631 Recte,
452 4579 553 4630 eontra,
575 4573 663 4622 dieitur
713 4572 856 4621 Pideritium
872 4574 946 4622 eredo
960 4574 1008 4622 hoe
1022 4573 1159 4636 agnovisse.
