3242 5500
396 538 444 608 49
586 544 588 549 “
753 551 867 604 arana
892 552 1031 603 rames
1057 534 1077 615 t
1101 533 1160 604 95.

398 727 443 800 ad
489 725 729 812 audiendum,
781 723 971 821 legandum
1017 722 1314 820 scribendumque
1359 723 1521 812 dederit,

398 837 543 911 exsistat
577 835 657 909 talis
690 843 821 922 orator,
853 834 992 930 qualem
1018 833 1235 929 quaerimus,
1261 833 1325 930 qui
1347 832 1424 906 iure
1446 859 1521 906 nen

398 948 511 1020 solum
536 946 704 1032 disertm,
732 945 793 1018 sed
816 943 921 1017 etiam
944 943 1112 1040 eloquens
1134 944 1204 1017 diei
1228 943 1355 1040 possit;
1382 944 1445 1040 qui
1466 953 1518 1016 ta·

397 1081 478 1130 men
504 1081 582 1130 mea
607 1055 780 1128 sententia
801 1061 863 1127 aut
875 1053 932 1127 hio
944 1054 1079 1127 ostiam
1093 1053 1261 1141 Crassus,
1286 1062 1372 1140 aut,
1397 1053 1521 1149 siquis

396 1167 472 1263 pari
496 1166 602 1238 fuerit
626 1165 791 1260 ingenie,
818 1164 1011 1261 pluraque,
1035 1188 1143 1260 quam
1154 1164 1228 1251 hio,
1250 1171 1285 1236 et
1297 1163 1462 1249 audierit,
1484 1172 1521 1236 et

396 1276 573 1363 lectitarit,
589 1281 624 1348 et
638 1275 824 1370 scripserit,
837 1274 984 1369 paulum
996 1273 1078 1346 huic
1090 1273 1224 1368 aliquid
1236 1274 1366 1369 poterit
1377 1273 1517 1345 addere.

339 1407 370 1454 sa
445 1385 525 1458 Hoo
562 1385 637 1458 loce
681 1384 877 1480 Sulpicius,
922 1383 1122 1479 Insperanti
1159 1383 1268 1470 mihi,
1307 1382 1447 1478 inquit,
1484 1390 1519 1454 et
1573 1375 1577 1385 ’

397 1496 542 1584 Cottae,
587 1494 649 1566 sed
687 1493 787 1565 valde
826 1483 979 1590 optanti
1001 1483 1142 1589 utrique
1175 1501 1336 1565 nestrum
1373 1490 1518 1577 cecidit,

308 1668 309 1672 ,
395 1605 500 1677 utin
531 1592 887 1690 istuffs'ereionem,
918 1603 1063 1690 Crasse,
1090 1601 1352 1675 delaberemini.
1404 1601 1519 1674 Nebis

395 1715 489 1787 enim
524 1712 593 1785 huc
627 1711 850 1786 venientibus
886 1711 1081 1786 ineundum
1110 1713 1195 1785 satis
1219 1713 1292 1784 fere
1315 1710 1519 1799 videbatur,

395 1823 446 1911 si,
478 1847 588 1920 quum
617 1847 677 1895 ves
707 1821 887 1894 derebus
916 1822 994 1894 aliis
1024 1821 1277 1917 loqueremini,
1307 1830 1427 1894 tamen
1453 1846 1519 1894 nes

393 1934 528 2029 aliquid
575 1957 617 2005 ex
664 1955 824 2006 sermone
868 1941 983 2005 vestro
1024 1932 1191 2004 memoria
1232 1930 1383 2027 dignum
1425 1932 1517 2004 exei-

393 2069 475 2140 pere
509 2066 712 2140 possemus:
748 2049 789 2114 ut
825 2065 905 2115 vero
939 2041 1082 2138 penitus
1105 2042 1143 2113 in
1168 2065 1246 2112 eam
1269 2041 1383 2136 ipsam
1407 2042 1519 2114 totius

393 2153 498 2226 huius
522 2153 578 2226 vel
603 2152 735 2238 studii,
761 2152 816 2224 vel
840 2151 1001 2238 artificii,
1026 2151 1081 2223 vel
1105 2151 1282 2224 facultatis
1306 2151 1517 2246 disputatio-

393 2287 474 2336 nem
499 2284 610 2360 paene
633 2262 796 2335 intimam
814 2261 995 2348 veniretis,
1015 2261 1073 2333 vix
1089 2261 1284 2356 optandum
1300 2259 1404 2334 nobis
1419 2261 1516 2334 vide-

336 2397 364 2446 er
392 2373 505 2446 batur.
537 2373 614 2468 Ego
639 2372 757 2458 enim,
784 2371 846 2466 qui
871 2370 916 2443 ab
940 2371 1085 2443 ineunte
1103 2377 1214 2450 aetate
1224 2372 1391 2444 incensus
1402 2396 1517 2444 essem

393 2484 508 2556 studio
543 2483 726 2577 utriusque
760 2488 936 2567 vestrum,
975 2481 1092 2554 Crassi
1124 2506 1205 2553 vere
1235 2480 1340 2553 etiam
1371 2505 1515 2568 amore,

391 2617 501 2690 quum
525 2592 569 2666 ab
594 2617 634 2664 ee
659 2615 834 2687 nusquam
859 2590 1090 2678 discederem,
1115 2590 1261 2663 verbum
1284 2614 1328 2662 er
1351 2615 1393 2662 ee
1409 2615 1515 2663 num·

391 2727 496 2799 quam
521 2702 644 2776 elicere
665 2702 763 2799 potui
788 2700 833 2774 de
856 2700 912 2775 via
935 2725 975 2775 ao
998 2701 1134 2775 ratione
1157 2700 1316 2788 dicendi,
1343 2725 1456 2797 quum
1481 2709 1517 2775 et

390 2838 452 2911 per
484 2814 731 2910 memetipsum
764 2812 936 2908 egissem,
973 2820 1007 2885 et
1037 2836 1100 2909 per
1127 2810 1286 2884 Drusum
1309 2835 1413 2907 saepe
1436 2820 1514 2884 ten-

388 2932 539 2997 tassem:
579 2946 650 3018 que
685 2922 722 2995 in
758 2944 911 3018 genere,
946 2930 1008 3009 tu,
1047 2922 1206 3008 Antoni,
1245 2924 1338 3009 (vere
1371 2921 1512 3018 loquar)

389 3056 583 3129 numquam
602 3032 689 3104 mihi
708 3028 951 3129 percunctanti
968 3039 1030 3104 aut
1048 3031 1230 3127 quaerenti
1246 3030 1381 3126 aliquid
1398 3032 1514 3104 defu-

349 3213 350 3216 ,
390 3144 458 3231 sti,
494 3151 529 3216 et
562 3164 729 3239 persaepe
762 3166 838 3229 me,
876 3163 966 3237 quae
1001 3141 1128 3215 soleres
1158 3142 1196 3214 in
1220 3141 1370 3215 dicendo
1393 3141 1513 3214 obser·

332 3282 364 3327 ss
389 3278 490 3339 vare,
529 3252 689 3345 docuisti.
741 3252 869 3339 Nune,
908 3252 1074 3348 queniam
1102 3260 1250 3349 uterque
1272 3258 1427 3325 vestrum
1449 3277 1512 3348 pa-

389 3363 507 3436 tefecit
549 3363 625 3459 ipse
671 3386 790 3435 earmn
829 3385 945 3434 rerum
985 3362 1125 3435 aditum·
1160 3388 1247 3459 quas
1288 3362 1513 3458 quaerimus,

389 3481 422 3545 et
457 3472 623 3569 queniam
657 3472 819 3569 princeps
856 3470 1002 3545 Crassus
1037 3472 1111 3545 eius
1146 3472 1316 3545 sermonis
1351 3472 1515 3544 ordiendi

388 3583 479 3670 fuit,
507 3584 587 3657 date
611 3580 713 3656 nobis
739 3580 830 3656 hane
853 3583 1015 3670 veniam,
1041 3589 1081 3655 ut
1106 3608 1169 3669 ea,
1196 3608 1285 3678 quae
1310 3582 1445 3655 sentitis
1469 3581 1516 3653 dc

388 3866 457 3921 Mox,
472 3865 497 3911 et
510 3860 613 3909 Graecus
623 3860 744 3921 abdelam,
759 3866 792 3920 et,
807 3862 925 3924 pretate,
975 3862 1111 3925 composite
1124 3861 1389 3921 eritsubstituendum,
1402 3867 1513 3925 praesta·

389 3940 511 4005 corrigam
525 3942 580 3989 tur.
973 3940 1059 4003 bitque
1071 3954 1178 3990 emere.

422 4022 463 4069 96.
481 4020 606 4070 veniretis.
641 4018 814 4081 spernendum
830 4017 926 4067 fuital-
1008 4022 1048 4069 98.
1062 4021 1188 4082 patefecit
1201 4021 1254 4080 ipre
1267 4021 1512 4068 earumresamads'-

388 4104 478 4159 terum,
482 4098 655 4159 perveniretis.
664 4100 686 4146 Α
689 4098 926 4158 perueniendoenim
975 4101 1036 4147 tam.
1054 4100 1085 4147 In
1098 4096 1289 4148 Pronominibus
1300 4096 1350 4147 illis
1364 4097 1458 4147 librarii
1470 4099 1513 4146 alii

388 4179 536 4228 destinatum
563 4177 693 4226 eonsilium
719 4177 850 4241 seiungere
874 4192 926 4225 nen
973 4177 1109 4227 aliemode
1122 4181 1249 4242 errarunt:
1264 4177 1323 4236 sed,
1338 4176 1457 4239 quodedi
1470 4190 1510 4225 se·

387 4258 459 4307 licet=
481 4261 507 4305 at
521 4257 622 4305 Crassus
635 4255 737 4305 fortuite
750 4255 776 4303 in
788 4255 860 4303 illum
873 4269 924 4304 ser·
973 4258 1017 4316 let,
1031 4259 1240 4318 ipsarumreram,
1253 4255 1511 4305 manifesteortumex

388 4348 486 4385 monem
499 4334 628 4393 inciderat,
642 4336 719 4393 5111.
740 4334 841 4392 Contra,
854 4336 921 4393 §131
973 4348 1018 4396 eo,
1038 4337 1105 4398 quod
1117 4335 1284 4398 suscepimus,
1304 4337 1358 4395 tere
1370 4349 1457 4383 aarum
1468 4349 1509 4392 re·

388 4419 413 4463 et
427 4416 488 4471 135,
505 4418 573 4463 reete
582 4414 713 4474 peruenire
725 4412 835 4475 ponitur.
972 4428 1037 4463 mm.
1045 4414 1133 4477 Ipsai.
1139 4428 1161 4465 e.
1167 4428 1211 4464 sua
1218 4418 1313 4477 sponte:
1321 4428 1403 4476 neque
1409 4413 1509 4463 suffien-

421 4493 461 4543 97.
481 4506 542 4555 qaae
551 4490 924 4541 cemeeiadteaedoebaemre.
973 4494 999 4541 di
1011 4499 1069 4544 suut
1080 4494 1128 4544 viri
1140 4493 1219 4553 docti,
1234 4495 1276 4557 qui
1287 4494 1509 4557 ipselnterpretsn-

388 4574 424 4623 Ut
437 4571 490 4621 aliis
504 4572 579 4631 loeis,
598 4570 632 4619 ita
644 4570 685 4619 hie
697 4570 801 4635 implex
813 4568 924 4620 Verbum
972 4576 1028 4632 tur,
1055 4578 1084 4623 ut
1103 4574 1123 4623 si
1143 4579 1207 4624 esset
1225 4576 1249 4622 ir
1264 4574 1333 4635 ἰρεει
1354 4573 1399 4623 scd
1425 4586 1511 4622 earum
