3242 5500
475 542 589 592 crana
615 542 765 593 sarnus.
794 525 812 606 S
838 522 896 593 37.
1202 519 1246 590 17

124 719 210 784 sunt
232 713 361 786 eximia
382 714 426 786 ad
444 715 723 798 constituendam
741 712 1030 810 rempublicam,
1048 734 1135 781 num
1152 708 1248 805 quod

124 822 345 918 eloquentiae
370 826 559 920 vestigium
582 826 751 922 apparet?
786 823 911 899 Quid?
932 821 1062 893 exactis
1085 818 1246 914 regibus,

126 934 280 1035 (tametsi
304 934 417 1030 ipsam
438 936 655 1008 exactionem
672 941 810 1020 mente,
832 957 903 1005 non
924 933 1048 1026 lingua
1059 930 1249 1027 perfectam

122 1041 164 1114 L.
179 1043 285 1116 Bruti
298 1069 373 1116 esse
385 1035 560 1117 cernimus
572 1049 597 1132 ,)
622 1052 656 1117 et
673 1044 839 1141 deinceps
856 1042 994 1128 omnia,
1015 1065 1133 1113 nonne
1145 1041 1249 1137 plena

122 1153 372 1240 consiliorum,
402 1155 521 1227 inania
547 1153 733 1227 verborum
762 1154 949 1226 videmus?
978 1151 1056 1247 Ego
1084 1175 1184 1236 vero,
1219 1149 1248 1220 si

125 1263 231 1334 velim
252 1270 286 1335 et
301 1272 438 1337 nostrae
462 1265 614 1338 civitatis
632 1265 801 1361 exemplis
822 1264 876 1336 uti
896 1270 931 1336 et
955 1262 1122 1346 alierum,
1148 1259 1249 1355 plura

124 1373 280 1468 proferre
304 1375 436 1471 possim
461 1375 668 1448 detrimenta
689 1375 841 1471 publicis
866 1372 995 1459 rebus,
1021 1394 1128 1466 quam
1148 1368 1247 1441 adiu·

125 1490 246 1555 menta
270 1508 333 1580 per
356 1483 526 1593 homines·
542 1484 847 1581 eloquentissimos
872 1485 1081 1580 importata:
1109 1477 1170 1550 sed
1186 1536 1195 1564 ,
1209 1484 1249 1549 ut

124 1593 262 1688 reliqua
275 1605 278 1612 '
291 1596 588 1690 praetermittam,
613 1595 772 1666 omnium
797 1593 885 1666 mihi
909 1593 1048 1678 videor,
1074 1586 1248 1685 exceptis,

127 1703 272 1792 Crasse,
299 1704 397 1778 vobis
422 1705 581 1792 duobus
607 1703 913 1801 eloquentissimos
937 1702 1078 1775 audisse
1102 1700 1142 1772 Τ.
1158 1706 1193 1771 et
1206 1696 1247 1768 O.
1314 1735 1317 1740 ·

127 1813 376 1910 Sempronios3
405 1835 562 1912 ¹quorum
594 1823 714 1912 pater,
747 1814 852 1887 homo
876 1812 1032 1910 prudens
1056 1819 1089 1883 et
1113 1809 1248 1906 graviS,
1341 1859 1344 1865 ·

127 1923 402 2020 haudquaquam
429 1926 617 2021 eloquens,
643 1932 678 1997 et
703 1949 805 2020 saepe
829 1923 935 2009 alias,
957 1928 992 1993 et
1005 1921 1247 1992 maximecen·

127 2057 201 2119 sor,
228 2033 332 2106 saluti
356 2035 406 2106 rei
430 2034 593 2132 publicae
617 2035 704 2107 fuit:
731 2041 837 2130 atque
859 2034 890 2105 is
909 2057 980 2104 non
993 2037 1248 2124 accurateque·

126 2141 208 2214 dam
240 2144 405 2216 orationis
438 2144 557 2241 copia,
591 2144 653 2225 sed
685 2153 777 2216 nutu
808 2152 913 2240 atque
940 2141 1045 2213 verbo
1069 2138 1250 2212 libertinos

126 2252 164 2323 in
190 2252 344 2326 urbanas
373 2253 487 2326 tribus
522 2254 723 2341 transtulit,
758 2253 854 2350 quod
889 2252 959 2324 nisi
986 2250 1147 2335 fecisset,
1176 2271 1250 2319 rem

126 2361 328 2458 publicam,
364 2388 470 2459 quam
502 2389 597 2437 nunc
629 2365 687 2436 vix
719 2371 904 2449 tenemuS,
935 2359 1093 2433 iamdiu
1116 2358 1251 2430 nullam

128 2469 349 2546 haberemus.
401 2473 448 2546 At
479 2499 559 2547 vero
593 2474 668 2547 eius
692 2473 757 2546 filii
781 2471 924 2557 diserti,
949 2477 984 2542 et
1007 2468 1173 2542 omnibus
1197 2466 1252 2538 vel

128 2588 275 2654 naturae
306 2584 361 2655 vel
393 2583 568 2657 doctrinae
601 2583 784 2680 praesidiis
817 2582 863 2656 ad
894 2580 1082 2654 dicendum
1115 2577 1252 2676 parati,

133 2839 311 2900 spondendum
335 2847 407 2899 erat,
434 2854 541 2903 proruis
565 2844 669 2889 nulium.
720 2838 864 2888 auctoritate
893 2837 1027 2886 defendere
1052 2850 1123 2898 posse
1143 2836 1206 2893 hoc,
1227 2843 1256 2882 ut

166 2919 192 2963 ct
213 2919 327 2979 deinceps
348 2921 437 2967 omnia.
472 2919 512 2968 Sic
529 2921 625 2969 correxi
639 2921 670 2968 de
719 2922 787 2967 recte
808 2917 921 2965 dicentur
941 2917 999 2963 iura
1019 2914 1100 2963 civilio
1119 2915 1213 2962 meari
1229 2913 1256 2958 ic

132 3010 206 3053 meo,
221 3011 299 3057 quum
313 3012 398 3047 omnes
411 2997 669 3057 libriservsntsedd„
715 2998 819 3058 familia
833 2995 980 3043 Muciorum.
1001 2993 1117 3055 Suspicor
1130 2992 1255 3056 corrigen-

132 3089 197 3136 quae
212 3076 360 3124 Coniunciio
373 3076 407 3125 ita
420 3078 520 3126 demum
527 3083 584 3139 apta
592 3082 670 3136 esset,
721 3076 780 3124 dum
794 3088 847 3123 esse
860 3075 1001 3121 servuntcr.

132 3154 153 3201 si
167 3158 225 3215 post
237 3154 376 3218 longiorem
390 3156 567 3219 digressionem
578 3157 671 3205 instau·
755 3154 785 3201 ab
805 3154 934 3201 oratorem
951 3165 1048 3216 penore.
1091 3151 1154 3199 Cum
1174 3149 1258 3211 aliquo

133 3234 214 3280 randa
227 3232 315 3281 fuisset
328 3235 457 3283 sententia.
722 3237 849 3281 contemtu
862 3231 969 3290 dictum,
984 3235 1012 3279 ut
1025 3232 1106 3278 Flacc.
1122 3234 1134 3289 §
1150 3232 1165 3277 9
1180 3230 1258 3277 totum

181 3312 231 3359 isia
261 3316 396 3372 praeclara
431 3314 605 3375 cuberaatrice
639 3342 673 3349 -
721 3325 799 3375 penus
815 3310 975 3357 Graecorum.

134 3390 264 3437 civitatum
292 3392 465 3454 [eloquentie]¹
513 3395 581 3441 Bene
611 3392 675 3441 vidit
756 3391 797 3438 40.
815 3390 879 3438 iuris
891 3388 979 3453 maora
992 3389 1038 3435 est.
1068 3388 1185 3435 Nondum
1199 3385 1260 3434 mihi

135 3468 260 3533 Kayserus
277 3473 431 3529 postremum
447 3469 598 3519 vocabulum
612 3468 672 3517 abii-
723 3468 833 3518 constitit
851 3468 891 3515 ius
904 3466 1016 3515 absolute
1030 3466 1138 3528 positum
1151 3465 1200 3513 dici
1214 3479 1260 3526 pro

134 3545 253 3594 ciendum
271 3561 335 3595 esse:
357 3548 383 3596 in
397 3548 516 3597 eiusmodi
531 3548 673 3597 definitione
723 3549 778 3595 iore
792 3546 872 3594 citii.-
893 3550 922 3593 ut
934 3545 1039 3594 fortasse
1052 3543 1177 3605 scripserit
1189 3542 1261 3591 icius

134 3624 199 3689 (istc
215 3624 326 3687 praeci.)
347 3642 397 3675 non
418 3628 499 3676 efferri
517 3628 580 3675 solet
593 3628 673 3689 ipsum
723 3628 812 3689 iqrroro
825 3625 871 3672 est.

134 3704 274 3753 definitum.
758 3706 799 3751 41.
818 3704 941 3751 oratorem
960 3702 987 3748 in
1000 3702 1065 3749 onai
1077 3702 1197 3748 samonis
1210 3701 1260 3748 dis·

154 3785 195 3833 39.
210 3798 309 3845 mosque
315 3785 443 3833 maiorum.
458 3787 526 3833 Bene
534 3791 674 3847 susceptum
724 3783 853 3843 putatione
869 3781 1030 3842 copiosissime
1042 3782 1136 3828 cerami
1152 3781 1261 3841 {posse}

136 3867 173 3910 est
186 3862 236 3910 hoc
246 3876 327 3925 ,prae
341 3864 418 3911 altera
430 3864 537 3912 lectione
550 3878 676 3926 moresque
726 3864 817 3911 Sensus
832 3865 883 3919 est,
897 3862 923 3909 in
937 3860 1005 3908 omni
1017 3860 1033 3907 i.
1049 3874 1071 3909 e.
1086 3860 1262 3920 cuiuscumque

135 3941 266 3990 maiorum.
297 3942 402 4000 Contra,
417 3943 488 3991 Offio.
503 3944 524 3991 Ι.
538 3942 608 4001 §156
616 3956 675 3990 con·
726 3940 865 4005 argumenti
884 3940 1063 4000 dispuiaiimse,
1077 3953 1140 4000 quae
1153 3951 1263 3985 sermone

137 4020 207 4068 venit
228 4020 403 4082 disputationi,
424 4026 452 4069 ut
469 4021 564 4070 dicatur
580 4022 606 4069 in
620 4021 676 4083 phi·
726 4020 880 4077 continetur,
895 4019 950 4075 eui,
963 4018 1026 4066 sicut
1037 4017 1174 4079 explicatur
1191 4017 1262 4066 Offic.

137 4099 302 4160 losephorum
315 4098 384 4148 libris
398 4102 495 4149 nullum
508 4101 591 4149 locum
605 4114 676 4162 prae·
728 4101 749 4147 I.
771 4102 783 4157 5
801 4100 861 4156 132,
883 4097 1007 4145 contentio
1026 4096 1171 4158 opponitur:
1191 4095 1263 4144 etsie

136 4178 280 4227 termissum
301 4192 369 4237 esse,
391 4180 432 4241 qui
453 4179 486 4227 ad
499 4181 576 4244 lepos,
591 4180 633 4241 qui
647 4178 680 4225 ad
728 4182 795 4226 recte
817 4176 936 4238 explicuit
951 4175 1000 4223 ism
1014 4174 1131 4232 Beierus,
1145 4175 1178 4222 sd
1191 4175 1263 4223 Offic.

136 4270 233 4315 mores,
249 4258 291 4319 qui
305 4259 339 4305 od
351 4259 506 4318 disciplinam
519 4258 679 4319 reipublicae
730 4257 779 4305 ΙΙΙ.
801 4260 814 4315 §
837 4257 877 4303 96.
919 4255 980 4302 Ideo
1000 4252 1192 4315 praeferendum
1212 4258 1265 4301 erat

133 4336 289 4395 pertineret.
730 4335 809 4393 omni,
830 4347 890 4395 prae
904 4334 982 4382 altero
995 4334 1081 4381 omnis.
1116 4332 1165 4379 Sed
1177 4332 1263 4379 delen-

171 4417 230 4462 s'crc
245 4416 327 4462 cicilia
339 4442 373 4450 —
386 4415 412 4461 in
426 4416 680 4477 nostrafamiiiusine
730 4415 789 4462 dum
810 4417 848 4462 est
867 4417 1003 4461 extremum
1012 4425 1099 4473 posse,
1114 4425 1264 4471 quamquam

137 4494 191 4540 ullo
213 4494 366 4555 eloquentiae
383 4494 454 4543 mode
467 4496 606 4542 versantur.
624 4496 680 4541 Non
730 4494 755 4541 in
770 4493 853 4541 multis
865 4490 985 4557 iibrisest
996 4492 1047 4539 inv.
1063 4490 1116 4539 ord.
1126 4503 1199 4549 posse
1210 4503 1264 4535 vcr-

139 4576 201 4634 putc
224 4586 374 4633 quemquam
394 4574 446 4620 ulla
463 4575 504 4622 vel
517 4573 625 4631 ratione,
639 4574 680 4621 vel
729 4574 799 4619 sari:
820 4570 911 4619 rationi
930 4574 1123 4625 consentaneum
1144 4573 1181 4617 est
1199 4569 1265 4617 utin
1345 4608 1348 4613 .

1055 4659 1071 4705 2
