3242 5500
1185 467 1251 571 aar

442 524 555 570 arnan
581 523 782 571 sncuunus.
812 507 829 585 ς
856 493 948 571 201(

133 695 225 766 aliud
249 695 395 766 oratoris
417 696 569 789 putetiS,
596 694 691 789 quod
714 694 858 788 quidem
882 695 926 764 sit
950 694 1131 789 egregium
1149 704 1255 790 atque

133 803 308 888 mirabile,
329 805 398 876 nisi
415 807 452 875 in
471 805 621 898 singidis
638 803 752 875 verbis
769 803 829 874 illa
846 804 913 874 tria
929 812 1065 889 tenere,
1086 814 1126 874 ut
1143 813 1255 876 trana-

132 915 208 986 latis
247 922 389 984 utamur
420 914 639 1008 frequenter,
677 912 856 983 interdum
886 913 1007 998 sactis,
1039 937 1115 984 raro
1141 924 1257 986 autem

133 1025 237 1096 etiam
267 1024 431 1106 vetustis;
468 1023 505 1094 in
538 1030 704 1118 perpetua
743 1029 862 1094 autem
887 1022 1062 1108 oratione,
1089 1047 1199 1118 quum
1225 1033 1258 1096 et

133 1133 389 1205 coniunctionis
428 1133 624 1216 levitatem,
662 1139 698 1201 et
733 1155 979 1215 numerorum,
1017 1157 1124 1226 quam
1161 1133 1257 1218 dixi,

133 1243 302 1314 rationem
331 1242 569 1326 tenuerimus
605 1249 680 1312 tum
712 1248 765 1312 est
785 1241 886 1334 quasi
911 1233 1106 1313 luminibus
1131 1242 1257 1314 distin-

134 1353 273 1446 guenda
298 1362 332 1422 et
349 1349 604 1445 frequentanda
621 1348 735 1420 omnis
752 1349 863 1420 oratio
882 1351 1135 1422 sententiarum
1152 1361 1258 1448 atquc

134 1460 328 1532 verborum.

179 1571 393 1643 Formantur
422 1578 541 1641 autem
574 1577 609 1640 et
639 1568 763 1652 verba,
794 1575 829 1639 et
853 1570 1046 1641 sententiae
1069 1595 1180 1666 paene
1204 1572 1258 1643 in-

137 1679 416 1764 numerabiliter,
443 1679 536 1774 quod
563 1679 647 1750 satis
675 1679 745 1750 scio
773 1685 896 1750 notum
925 1704 1000 1751 esse
1028 1680 1137 1752 vobis
1191 1682 1261 1753 Sed

138 1792 226 1861 inter
261 1789 572 1861 conformationem
603 1786 803 1872 verborum,
843 1796 877 1859 et
912 1790 1163 1862 sententiarum
1196 1790 1261 1862 hoc

137 1900 301 1984 interest,
344 1898 440 1994 quod
479 1896 664 1968 verborum
703 1897 857 1997 tollitur,
896 1898 925 1968 si
957 1897 1062 1970 verba
1092 1901 1260 1986 mutariS,

138 2009 392 2080 sententiarum
417 2014 618 2102 permanet,
645 2005 928 2100 quibuscumque
952 2007 1066 2078 verbis
1091 2011 1145 2081 uti
1162 2010 1258 2082 velis.

139 2119 230 2190 Nam
263 2127 298 2189 et
334 2117 558 2189 commoratio
589 2140 661 2185 una
704 2116 741 2186 in
766 2139 803 2186 re
825 2117 1040 2211 permultum
1065 2129 1200 2204 movet,
1226 2129 1261 2190 et
1288 2123 1333 2190 53

138 2228 285 2299 illustris
327 2227 525 2323 explanatio
566 2249 774 2321 rerumque,
821 2225 922 2319 quasi
964 2236 1166 2320 gerantur,
1195 2228 1260 2301 sub
1290 2250 1335 2298 aaa

138 2346 320 2432 aspectum
352 2360 463 2431 paene
500 2333 687 2419 subiectio,
726 2359 816 2429 quac
850 2343 883 2406 et
917 2335 953 2405 in
987 2337 1194 2431 exponenda
1226 2363 1263 2410 re

139 2447 333 2543 plurimum
368 2445 477 2530 valet,
515 2452 550 2516 et
572 2444 616 2514 ad
640 2443 890 2515 illustrandum
916 2445 973 2528 id,
1001 2445 1095 2540 quod
1120 2448 1263 2543 exponi-

139 2568 215 2641 tur,
253 2564 288 2627 et
318 2555 363 2626 ad
387 2553 695 2650 amplificandum,
723 2561 762 2625 ut
786 2553 850 2638 iis,
878 2554 939 2648 qui
961 2554 1125 2639 audient,
1153 2557 1262 2642 illud,

141 2667 232 2763 qnod
268 2663 497 2762 augebimuS,
523 2672 697 2759 quantum
720 2663 854 2734 efficere
879 2667 988 2735 oratio
1010 2665 1160 2759 poterit,
1185 2674 1262 2737 tan·

140 2786 216 2849 tum
252 2801 329 2847 esse
363 2775 536 2847 videatur:
574 2782 608 2844 et
643 2773 726 2844 huic
760 2774 933 2845 contraria
956 2798 1058 2869 saepe
1087 2776 1264 2869 percursio

141 2894 213 2970 est,
241 2894 275 2957 et
300 2886 379 2981 plus
400 2885 444 2955 ad
466 2882 756 2978 intelligendum,
783 2906 889 2976 quam
912 2882 1062 2968 dixeris,
1090 2885 1265 2980 significa·

141 2995 210 3080 tio,
255 3003 290 3065 et
324 2994 489 3065 distincte
524 2993 662 3063 concisa
695 2991 866 3074 brevitas,
904 2999 938 3063 et
970 2994 1192 3080 extenuatio,
1231 3005 1264 3067 et

317 3097 341 3121 .-

122 3352 125 3358 ’
143 3366 204 3413 dunt
223 3365 271 3412 viri
292 3363 357 3411 docti
371 3362 420 3410 hoc
433 3362 544 3422 ineptum
560 3375 612 3409 esse
626 3375 678 3408 ern-

142 3444 233 3492 blema.

176 3524 233 3570 201.
253 3521 318 3582 qam
337 3520 434 3580 quidem
448 3533 487 3566 noe
500 3546 533 3553 -
545 3518 682 3565 sententia·

144 3618 198 3648 rum
225 3602 301 3661 atque
327 3598 461 3646 aeriorum.
503 3598 607 3643 Secutus
627 3611 681 3643 sum

145 3682 296 3740 Knyserum,
313 3674 682 3737 quiaeuteviditcorrigendum

145 3774 196 3807 esse
223 3762 304 3805 toturn
330 3755 397 3802 hunc
421 3757 504 3802 locum
528 3752 682 3813 transpositis

145 3836 240 3885 duabus
260 3834 403 3890 sententiis,
423 3833 457 3880 ita
477 3839 505 3880 ut
522 3832 569 3880 illis
583 3833 683 3879 demum

141 3914 325 3964 -subiicerentur
345 3912 424 3968 haec,
438 3912 590 3971 formantur
602 3912 684 3958 antem

147 3998 170 4041 et
190 3996 279 4049 aeria,
302 4019 334 4026 —
354 3992 393 4037 uti
414 3992 485 4046 aetia,
500 3990 601 4051 quaein
616 3989 684 4038 libris

146 4072 253 4133 priorem
274 4072 356 4117 locum
371 4074 504 4129 occupant.
538 4070 618 4117 Series
631 4068 684 4129 ipsa

146 4150 323 4198 sententiarum
344 4148 392 4195 hoc
411 4148 540 4194 inventum
558 4158 684 4194 commen-

147 4230 195 4277 dat.
233 4230 263 4275 ln
283 4225 367 4274 verbis
386 4226 444 4287 ipsis
457 4230 540 4273 tamen
554 4240 632 4271 unum
647 4225 683 4271 al·

146 4315 277 4367 terumque
298 4305 434 4352 notandum
456 4310 501 4351 est.
521 4304 560 4352 Sic
576 4304 640 4365 quod
654 4330 686 4338 -

147 4387 193 4432 etsi
201 4385 309 4445 facitis,
324 4383 380 4430 ideo
393 4383 418 4428 in
432 4382 492 4429 vitio
505 4387 554 4437 est,
569 4380 685 4442 quoniam

728 3374 775 3407 nec
787 3361 910 3420 profecto,
924 3361 943 3408 si
952 3362 1081 3421 facerent,
1097 3372 1167 3414 erant
1181 3368 1263 3417 admo-

728 3440 811 3486 nendi.
854 3440 918 3489 Hinc
939 3441 998 3487 mihi
1019 3442 1044 3488 in
1067 3450 1175 3492 mentem
1196 3450 1265 3497 venit

730 3518 844 3565 Crassum
865 3523 921 3578 post
937 3518 1006 3565 illam
1019 3522 1264 3585 recapitulationem,

730 3600 742 3653 §
766 3596 825 3652 199,
847 3609 896 3657 sq,
918 3597 953 3643 sic
973 3597 1075 3646 dixisse:
1095 3616 1156 3661 quae
1169 3606 1265 3663 pixidem

730 3688 770 3721 aas
783 3673 986 3732 etsifaatidiatis,
1001 3702 1042 3724 ω.
1057 3678 1195 3741 quippequi
1204 3682 1265 3744 ipse,

730 3766 820 3812 supra,
840 3754 900 3800 talia
913 3754 1045 3813 odiosiora,
1067 3761 1092 3804 et
1106 3759 1214 3805 minutas
1226 3775 1267 3808 ren

730 3830 917 3892 appellavisset:
946 3832 978 3879 cf.
1007 3838 1019 3891 ξ
1049 3836 1096 3891 al,
1124 3839 1186 3895 lla,
1209 3841 1266 3890 187.

731 3912 802 3965 Tum,
818 3911 926 3957 oratoria
938 3912 1267 3977 mutanduminaratorium,

732 3988 847 4049 quoniam
867 4003 918 4035 esee
930 3990 1038 4037 oratorie
1051 3992 1098 4040 hoc
1110 4000 1205 4043 lantum
1220 3998 1268 4046 dici

731 4072 826 4128 potest,
841 4067 908 4127 quod
922 4082 976 4115 euin
992 4072 1111 4129 perficere
1125 4077 1149 4119 et
1156 4072 1268 4123 obtinere

732 4150 842 4206 oportet:
863 4160 909 4206 pro
929 4148 1042 4194 mirabile
1061 4150 1193 4211 legendum
1215 4168 1268 4201 esse

732 4225 878 4270 admirabile
898 4224 947 4271 dixi
968 4226 1000 4272 ad
1021 4227 1080 4283 §26
1095 4232 1119 4275 et
1132 4230 1267 4289 interdum,

733 4301 980 4363 p1·ointerdnmque;
998 4306 1111 4362 vetastis,
1126 4322 1171 4367 pro
1181 4322 1268 4367 perae-

734 4382 824 4435 tentu-
839 4386 978 4441 postremo‚
993 4385 1171 4431 coniunctionis
1184 4388 1268 4434 levita·

147 4461 349 4524 perincommode
362 4462 423 4508 illud
431 4462 523 4521 faeere
536 4461 642 4508 refertur
654 4460 686 4507 ad
734 4462 795 4518 tem,
810 4474 856 4520 pro
871 4460 1010 4507 lenitatem:
1026 4476 1128 4522 quorum
1141 4466 1268 4525 pleraque,

148 4542 261 4602 praeced.
279 4540 410 4586 sententiis
424 4541 457 4585 nd
467 4541 613 4598 pravitatem
632 4540 685 4592 uti;
734 4540 997 4587 utconunendavcrarn
1007 4574 1012 4595 ,
1024 4542 1268 4602 suscepitlinyserns.
