3242 5500
447 529 559 578 strena
586 528 756 576 rnarrus.
785 511 802 590 §
830 501 912 576 219.
1174 511 1243 580 369

166 701 245 801 Epo
275 715 349 774 tuna
376 701 542 799 prouida,
576 701 719 796 supletis
752 701 825 774 iam
846 699 926 790 feru
958 702 1006 774 ad
1032 701 1241 796 pariendum

217 813 388 886 mensibus
398 841 414 888 .·.

165 921 238 995 Per
263 922 355 994 idam
385 934 516 1016 ternpus
542 919 758 1016 Polydorum
780 919 921 992 Hecuba
940 933 1049 1013 partu
1070 933 1242 1014 postremo

214 1031 323 1128 parit.

167 1251 301 1326 Omnes
322 1261 440 1324 autem
463 1250 526 1324 hos
550 1260 666 1323 motus
691 1251 859 1347 subsequi
882 1250 986 1323 debet
1011 1259 1149 1345 gestus,
1174 1275 1244 1322 non
1272 1257 1317 1324 59

121 1364 175 1436 hic
209 1363 315 1434 verba
351 1362 549 1456 exprimens
587 1362 764 1447 scenicus,
802 1361 864 1432 sed
889 1361 1086 1432 universam
1111 1384 1184 1430 rem
1210 1368 1245 1431 et
1272 1384 1317 1428 aso

121 1473 333 1545 sententiam
365 1497 436 1543 non
469 1471 789 1556 demonstratione,
817 1471 878 1542 sed
905 1469 1159 1566 significatione
1185 1469 1244 1540 de-

121 1584 276 1668 clarans,
308 1582 456 1654 laterum
489 1581 678 1653 inflexione
712 1580 776 1651 hac
802 1580 946 1652 fortias
970 1579 1081 1664 virili,
1108 1603 1178 1650 non
1200 1578 1244 1650 ab

122 1715 223 1764 scena
249 1699 284 1763 θῖ
307 1689 554 1775 histrionibus,
577 1689 639 1760 sed
662 1689 706 1760 ab
732 1689 851 1774 armis,
873 1696 935 1760 aut
958 1689 1063 1761 etiam
1089 1713 1109 1760 a
1129 1688 1245 1782 palae-

122 1810 199 1874 stra.
252 1800 391 1872 Manus·
415 1807 532 1870 autem
565 1799 683 1870 minus
712 1806 835 1893 arguta
870 1798 993 1893 digitis
1028 1798 1246 1894 subsequens

121 1910 241 1996 verba,
277 1933 347 1981 non
381 1909 595 2004 exprimens:
618 1907 801 1980 brachium
826 1907 1004 2004 procerius
1028 1908 1245 2002 proiectum,

121 2021 221 2116 quasi
243 2019 421 2114 quoddam
443 2019 554 2090 telum
578 2018 767 2104 orationis,
795 2017 976 2112 supplosio
1000 2016 1101 2113 pedis
1114 2018 1151 2089 in
1164 2041 1248 2088 con-

122 2129 341 2202 tentionibus
374 2136 434 2200 aut
465 2127 700 2223 incipiendis,
725 2133 787 2198 aut
807 2126 984 2197 finiendis.
1038 2125 1106 2198 Sed
1129 2127 1166 2197 in
1189 2151 1247 2198 ore
1274 2149 1318 2194 aar

122 2248 202 2311 sunt
236 2239 374 2310 omnia:
411 2238 447 2308 in
484 2262 524 2308 eo
559 2244 677 2308 autem
711 2237 788 2332 ipso
824 2235 1024 2307 dominatus
1059 2245 1110 2309 θεῖ
1133 2238 1248 2309 omnis

121 2349 314 2421 oculorum.
350 2348 432 2423 Quo
452 2346 578 2418 melius
594 2347 706 2417 nostri
723 2345 775 2417 illi
794 2369 913 2431 senes,
940 2346 1001 2440 qui
1023 2353 1249 2440 personatum

121 2483 164 2530 ne
196 2458 368 2530 Roscium
396 2456 539 2552 quidem
564 2478 776 2552 magnopere
799 2455 1002 2527 laudabant.
1048 2454 1171 2526 Animi
1196 2462 1249 2526 est

122 2568 215 2638 enim
250 2566 365 2637 omnis
400 2565 509 2650 actio,
546 2572 580 2635 et
601 2563 851 2659 imago‘anirni
873 2565 991 2637 vultus
1017 2571 1089 2650 est,
1114 2564 1248 2636 indices

122 2677 223 2750 oculi.
278 2677 370 2746 Nam
404 2674 489 2746 haec
521 2683 573 2746 est
606 2698 678 2745 una
714 2698 794 2770 pars
828 2673 1003 2770 corporis,
1028 2698 1136 2770 quae,
1163 2683 1249 2770 quot

122 2787 230 2859 animi
254 2793 371 2856 motus
396 2793 493 2869 sunt,
519 2792 572 2856 tot
598 2784 873 2880 significationes
900 2792 934 2856 et
958 2784 1248 2856 commutationes

121 2896 232 2991 possit
267 2894 420 2966 efficere:
457 2918 573 2990 neque
609 2918 689 2965 vero
723 2902 776 2965 est
810 2894 1018 2990 quisquam,
1042 2893 1248 2990 qui-eadem

123 3006 314 3077 connivens
327 3003 464 3076 efficiat.
485 3002 746 3100 Theophrastus
759 3003 904 3099 quidem
914 3003 1118 3074 Tauriscum
1128 3027 1248 3098 quem·

122 3114 202 3185 dam
227 3114 313 3185 dicit
337 3121 489 3185 actorem
511 3137 670 3184 aversum
694 3113 837 3185 solitum
864 3137 938 3184 esse
967 3112 1101 3198 dicere,
1128 3112 1249 3208 quiin

124 3224 262 3319 agendo
292 3230 464 3295 contuens
497 3222 630 3318 aliquid
666 3223 921 3318 pronuntiaret.
976 3223 1095 3298 Quare
1131 3222 1247 3293 oculo·
1275 3254 1321 3299 aaa

124 3357 201 3404 rum
238 3340 291 3405 est
326 3357 455 3427 magna
486 3331 695 3403 moderatio:
729 3334 904 3403 nemoris
930 3356 1000 3403 non
1026 3331 1249 3403 estnimium

125 3442 296 3514 mutanda
319 3442 474 3537 species,
500 3466 545 3512 ne
567 3448 627 3513 aut
649 3441 695 3513 ad
718 3440 889 3535 ineptias,
911 3441 1028 3513 autad
1042 3440 1249 3536 pravitatem

125 3552 281 3648 aliquam
317 3550 524 3622 deseramur.
578 3550 681 3621 Oculi
717 3557 822 3636 sunt,
859 3574 1008 3647 quorum
1038 3559 1114 3622 tum
1137 3550 1250 3622 inten-

126 3770 417 3780 ·-...-.—-=--——--—-—·

127 3941 173 3973 aas
192 3940 242 3973 aaa
261 3926 335 3970 nimis
353 3925 444 3986 arquis
463 3922 562 3986 dipitis,
583 3926 665 3972 sabse-
714 3925 772 3980 illa,
787 3926 863 3971 animi
877 3924 915 3971 sst
928 3925 992 3971 euim
1004 3924 1169 3982 marsuano,
1184 3930 1251 3973 recte

127 4017 204 4066 quens
223 4004 351 4051 acrba-.
385 4002 437 4056 lta,
459 4003 551 4059 5222,
566 4016 614 4049 aaa
627 4005 665 4050 ai·
715 4001 875 4050 subiicientur
892 4001 1069 4063 superioribus.

128 4085 211 4130 mium.
248 4070 322 4139 Quod
341 4080 402 4127 olim
422 4080 448 4126 in
468 4080 548 4141 Legg.
570 4081 592 4127 Ι.
607 4086 619 4139 §
635 4081 665 4130 27
754 4080 897 4128 Tauriscum
912 4081 1047 4141 quemdam.
1082 4080 1210 4130 Creditum
1218 4088 1254 4131 est

129 4160 237 4217 conieci,
252 4174 302 4207 non
316 4156 415 4220 probari
428 4158 500 4205 video
511 4159 666 4223 Feldhuege·
716 4159 844 4219 hueusque
873 4159 1015 4207 Tauriscum
1036 4160 1141 4208 hominis
1161 4176 1252 4209 nomen

128 4240 172 4286 lio:
192 4252 261 4285 nunc
274 4237 403 4298 acquiesco
416 4237 441 4283 in
455 4238 567 4299 vulgato.
716 4251 778 4285 esse.
819 4239 931 4285 Fortasse
952 4252 1002 4285 non
1023 4252 1084 4298 opus
1105 4242 1149 4286 est.
1189 4240 1254 4286 Tau-

162 4318 221 4364 221.
241 4316 569 4378 pamelius-laudabant.
587 4317 667 4364 Multo
716 4317 785 4372 mai,
800 4317 880 4378 gentis
894 4330 1000 4374 nomen,
1016 4316 1041 4362 in
1055 4316 1155 4377 Alpium
1169 4318 1253 4365 lateri-

130 4395 211 4456 sptius
222 4394 271 4441 hoe
280 4394 421 4454 exemplum
430 4392 585 4441 reiicieturin
594 4396 667 4441 tinem
716 4394 778 4451 hus,
793 4396 859 4455 apud
874 4394 1018 4455 Polybium,
1034 4394 1068 4441 II.
1085 4399 1113 4451 5,
1129 4397 1152 4442 8.

130 4473 203 4521 huius
217 4477 246 4531 ξ,
260 4476 318 4533 post
330 4470 407 4519 verba
420 4472 518 4532 aliquid
518 4474 667 4531 pronuntia·
750 4475 808 4520 222.
833 4475 914 4520 matus
936 4475 1073 4521 animorum
1091 4474 1256 4535 sipatficemus

130 4554 185 4599 rat:
206 4565 257 4612 quo
277 4550 363 4599 ordine
380 4550 505 4607 restituto,
520 4551 555 4598 sic
569 4551 669 4598 demum
718 4552 776 4612 apte
796 4564 851 4600 cum
866 4566 954 4615 ponere
967 4554 1019 4611 ipsa
1032 4552 1160 4600 arationis.
1194 4553 1255 4601 Cor-

1081 4641 1113 4685 24
