3242 5500
372 545 442 615 232
501 509 503 514 Ι
685 568 799 618 ruera
826 525 1028 616 succursus.
1057 549 1075 628 ὃ
1102 547 1186 618 271.

299 757 344 808 sn
372 734 516 808 urbanis
538 737 759 811 sermonibus
780 735 1092 812 accommodatum.
1143 736 1190 809 Et
1216 735 1357 808 hercule
1382 735 1496 808 omnia

372 840 477 931 haec,
512 871 602 942 quae
636 873 656 920 a
688 847 745 920 ine
772 848 817 920 de
839 846 974 920 facetiis
999 845 1246 941 disputantur,
1273 869 1345 916 non
1371 845 1498 947 Q

373 953 564 1028 forensium
596 958 796 1042 actionum,
833 980 939 1052 quam
968 955 1128 1027 omnium
1152 979 1354 1027 sermonum
1380 953 1494 1025 condi-

374 1071 493 1136 menta
516 1074 610 1138 sunt.
642 1067 752 1152 Nam,
779 1067 870 1138 sicut
891 1063 987 1159 apud
1010 1064 1181 1136 Catonem
1204 1073 1274 1150 est,
1301 1064 1365 1158 qui
1391 1063 1495 1134 multa

372 1173 511 1259 retulit,
537 1199 580 1246 ex
604 1174 734 1271 quibus
755 1199 777 1247 a
797 1199 855 1246 me
872 1172 1024 1268 exempli
1041 1197 1145 1244 eausa
1161 1174 1342 1270 complura
1360 1196 1493 1267 ponun-

372 1289 442 1367 tur,
460 1306 523 1378 per
540 1283 627 1355 mihi
645 1282 770 1356 scitum
788 1283 925 1356 videtur
943 1281 983 1354 C.
999 1280 1200 1355 Publicium
1213 1283 1357 1355 solitum
1372 1282 1493 1366 dicere,

370 1388 415 1462 P.
440 1391 654 1466 Mummium
675 1392 783 1466 cuivis
802 1389 949 1486 temperi
968 1389 1139 1464 bominem
1159 1416 1248 1474 erse·
1275 1392 1325 1464 sic
1341 1393 1493 1487 profecto

372 1525 409 1574 se
435 1526 490 1573 res
519 1501 644 1588 babet,
671 1501 810 1574 nullum
834 1508 875 1573 ut
898 1499 943 1572 sit
966 1500 1058 1572 vitae
1081 1508 1242 1596 tempus,
1269 1501 1307 1572 in
1331 1526 1405 1596 quo
1427 1525 1491 1572 non

299 1636 347 1687 eia
371 1610 492 1683 deceat
514 1611 667 1705 leporem
690 1609 1015 1705 humanitatemque
1040 1609 1177 1681 versari.
1232 1610 1301 1683 Sed
1324 1611 1432 1682 redeo
1453 1610 1492 1682 ad

370 1727 493 1793 cetera.
535 1720 601 1792 list
624 1719 705 1792 huic
728 1718 920 1791 finitimum
946 1713 1235 1813 [dissimulationi
1245 1714 1272 1814 ,]
1302 1744 1417 1814 quum
1439 1720 1492 1791 ho·

370 1837 471 1902 nesto
493 1828 599 1900 verbo
620 1829 746 1902 vitiosa
769 1853 825 1900 res
850 1827 1063 1923 appelletur:
1089 1834 1147 1913 ut,
1173 1852 1284 1924 quum
1308 1829 1491 1900 Africanus

370 1962 493 2010 censor
519 1937 616 2010 tribu
645 1937 807 2009 movebat
839 1960 920 2008 eum
956 1937 1218 2023 centurionem,
1246 1938 1371 2034 quiin
1398 1937 1490 2010 Pauli
1544 1955 1549 1966 “

370 2071 491 2142 pugna
512 2071 583 2118 non
601 2047 764 2132 affuerat,
790 2068 902 2141 quum
919 2044 979 2116 ille
997 2068 1033 2115 se
1050 2045 1229 2118 custodiae
1246 2071 1351 2120 eausa
1368 2047 1490 2118 diecret

369 2157 406 2228 in
432 2157 553 2229 cestris
575 2156 803 2240 remansisse,
837 2161 1109 2249 quaereretque,
1135 2179 1198 2226 cur
1222 2155 1265 2228 ab
1292 2180 1332 2228 eo
1357 2164 1487 2228 notare·

297 2296 344 2346 ma
369 2273 446 2350 tur,
483 2262 570 2339 Non
602 2288 702 2351 eme,
739 2263 876 2360 inquit,
914 2260 1064 2334 nimium
1097 2261 1287 2360 dilipentes.
1339 2267 1488 2337 Acutum
1570 2297 1573 2306 ·

370 2374 476 2448 etiam
509 2373 599 2446 illud
633 2380 706 2460 est,
733 2395 845 2467 quum
866 2395 909 2442 ex
930 2370 1075 2443 alterius
1098 2373 1255 2445 oratione
1279 2374 1377 2446 aliud
1403 2375 1487 2447 exci-

369 2484 446 2580 pias
482 2491 587 2578 atque
621 2483 682 2555 ille
717 2481 812 2554 vult:
850 2489 890 2552 ut
928 2480 1115 2552 Salinatori
1134 2480 1335 2569 Maximus,
1362 2509 1486 2580 quum,

286 2684 289 2689 Ι
370 2593 521 2664 Tarento
546 2591 694 2678 emisse,
720 2614 835 2662 arcem
862 2597 981 2661 tamen
1005 2588 1127 2662 Livius
1152 2592 1376 2679 retinuisset,
1403 2593 1486 2664 mul-

370 2714 477 2798 taque
497 2727 541 2773 ex
558 2726 598 2774 ea
614 2701 745 2799 proelia
763 2699 938 2797 praeclara
954 2698 1109 2785 lecisset,
1136 2724 1247 2796 quum
1264 2701 1398 2799 aliquot
1414 2711 1488 2799 post

369 2836 480 2884 annos
503 2810 682 2884 Maximus
707 2811 745 2883 id
765 2809 937 2905 oppidum
955 2810 1160 2905 recepisset,
1186 2819 1394 2907 rogaretque
1412 2836 1487 2884 eum

371 2921 563 3007 Salinator,
577 2996 580 3001 ,
594 2929 635 2993 ut
665 2919 885 2993 meminisset
913 2942 1018 3015 opera
1042 2944 1105 2991 sua
1128 2944 1164 2991 se
1184 2921 1374 2994 Tarentum
1398 2946 1486 2993 rece·

370 3032 484 3125 pisse,
513 3028 659 3112 Quidni,
687 3028 822 3125 inquit,
849 3026 1086 3101 meminerim!
1112 3053 1304 3124 nnntqnem
1328 3030 1419 3103 enim
1441 3054 1486 3102 re·

262 3220 266 3223 ,
300 3171 348 3237 sn
369 3138 543 3233 cepissem,
579 3137 650 3211 aiei
685 3150 724 3210 te
751 3135 971 3237 perdidissem
1023 3137 1113 3209 Sunt
1148 3138 1253 3211 etiam
1283 3140 1341 3212 illa
1363 3139 1486 3211 subab-

230 3878 273 3961 q,

290 3999 301 4027 b

371 3248 495 3333 surda,
533 3247 595 3319 sed
630 3270 671 3318 eo
702 3248 779 3342 ipso
798 3246 941 3317 nomine
965 3270 1068 3343 saepe
1090 3246 1258 3335 ridicula,
1285 3273 1354 3321 nou
1377 3250 1487 3321 solum

370 3358 488 3430 mimis
512 3356 754 3453 perapposita,
780 3354 968 3428 sedetiam
993 3356 1251 3452 quodammodo
1274 3358 1393 3445 nobis,

904 3503 953 3514 —
978 3464 1093 3537 Heme
1108 3461 1252 3560 fatuus,

419 3576 612 3673 Postquam
633 3572 845 3647 imitabere
864 3572 989 3667 eoepit,
1015 3587 1066 3646 est
1085 3588 1274 3656 emortum,

370 3696 405 3759 et

907 3833 953 3843 -
982 3791 1077 3876 Quid
1096 3809 1146 3868 est
1168 3794 1250 3868 tibi

417 3900 496 3977 Iste
516 3902 664 3976 melier?
694 3900 802 3974 Uror.
828 3898 966 3975 Similis
986 3903 1119 3977 medius
1133 3904 1270 4001 fidius:

403 4192 906 4253 271.acm,aieatapudCatenemest‚-.
955 4194 1015 4241 suat
1042 4194 1108 4255 qaod
1135 4196 1251 4245 catonem
1279 4198 1328 4256 est,
1347 4198 1402 4245 inde
1429 4199 1487 4246 effe·

370 4275 537 4335 Susceperunt
550 4287 631 4321 meam
644 4271 824 4331 porrectionem
836 4275 905 4320 etto·
955 4286 1053 4330 ceram,
1083 4288 1153 4332 mm,
1175 4275 1240 4324 eiam
1261 4278 1326 4338 quod
1346 4276 1411 4337 apud
1434 4276 1487 4324 Cel.

368 4353 417 4401 tius
437 4352 485 4400 loci
503 4350 686 4399 distinctionem
703 4350 829 4399 novissimi
846 4349 904 4398 Edi·
955 4350 1005 4408 eet,
1033 4356 1061 4399 ut
1088 4358 1212 4402 constaret
1236 4354 1282 4403 sibi
1303 4355 1487 4418 argumentatio.

368 4437 443 4481 tores.
483 4433 563 4480 Antea
586 4428 737 4493 vulgabatur
760 4444 817 4476 aem
842 4430 907 4491 qaod
954 4429 1025 4477 Idem
1038 4428 1148 4479 malebat
1161 4433 1309 4483 Ellendtius.
1477 4488 1493 4507 .

368 4510 435 4570 apud
449 4510 564 4558 Catonem
577 4509 623 4567 eat,
637 4535 680 4555 -.
692 4511 826 4568 Quumque
840 4508 902 4555 Cod.
987 4508 1044 4557 272.
1063 4510 1100 4557 est
1111 4509 1308 4572 latefinitimum
1317 4509 1487 4573 [dissimulati-

368 4588 440 4637 Leid.
460 4588 522 4636 haec
541 4591 657 4648 corrupte
669 4586 705 4635 sic
718 4588 831 4643 efferret,
847 4600 904 4633 riam
952 4585 1487 4653 oni,].Nonindigetoratioisteexplicatione.
1596 4586 1597 4611 ³
