3242 5500
444 530 557 579 1101111
584 529 786 578 sucuunus.
816 511 832 592 S
859 511 940 580 205.
1185 512 1255 582 207

129 705 210 776 dem
244 704 464 776 considerare
497 703 606 789 sole0,
648 702 849 798 postuletne
881 727 999 774 eausa:
1036 726 1118 772 nam
1142 727 1256 798 neque
1283 709 1326 776 51

130 815 248 910 parvis
285 815 322 886 in
358 813 464 885 rebus
500 812 721 884 adhibendae
758 821 841 883 sunt
879 811 944 883 hae
980 812 1120 883 dicendi
1144 813 1256 897 faces,
1284 837 1330 880 005

130 949 249 1020 neque
290 925 342 995 ita
377 924 539 995 animatis
577 921 796 1007 hominibus,
841 929 881 992 ut
923 921 1012 993 nihil
1052 922 1094 993 ad
1138 946 1257 993 eorum

129 1041 269 1107 mentes
299 1033 455 1105 oratioue
486 1032 675 1104 flectendas
706 1031 873 1127 proficere
904 1031 1099 1126 possimne,
1130 1055 1175 1102 ne
1197 1038 1258 1103 aut

130 1145 313 1228 irrisione,
351 1150 413 1214 aut
441 1141 524 1213 odio
561 1141 661 1236 digni
695 1149 881 1236 putemur,
916 1141 945 1212 si
978 1151 1038 1213 aut
1062 1140 1258 1236 tragoedias

130 1278 281 1351 agamus
315 1253 351 1323 in
387 1251 512 1346 nugis,
548 1258 609 1322 aut
643 1249 836 1322 convellere
860 1249 1058 1321 adoriamur
1082 1275 1141 1336 ea,
1169 1275 1259 1345 quae

130 1389 206 1435 non
231 1368 380 1458 possunt
404 1361 624 1432 commoveri.
676 1360 769 1430 Nam
790 1361 958 1455 quoniam
984 1359 1068 1432 haee
1094 1361 1166 1432 sere
1188 1384 1260 1431 ma·
1286 1373 1333 1418 20⁶

131 1475 230 1545 xime
256 1480 338 1542 suut
362 1471 399 1541 in
422 1469 579 1542 iudicum
599 1469 743 1554 animis,
769 1477 830 1540 aut
850 1469 1064 1565 quicumque
1075 1469 1129 1541 illi
1145 1476 1258 1554 erunt,

130 1582 232 1680 apud
264 1578 943 1676 (100οη00100,010000011100011110,
970 1603 1086 1666 amor,
1118 1579 1260 1662 odium,

130 1690 337 1775 iracundia,
363 1689 516 1774 invidia,
542 1687 798 1773 misericordia,
826 1713 925 1784 spen,
952 1689 1104 1774 laetitia,
1135 1689 1259 1774 timor,

130 1799 316 1884 molestia;
355 1798 526 1870 sentimus
562 1821 717 1868 amorem
750 1797 948 1883 conciliari,
986 1798 1015 1869 si
1037 1798 1073 1869 id
1096 1798 1185 1870 velle
1210 1798 1259 1868 vi-

131 1914 260 1996 deare,
299 1908 396 2004 quod
432 1909 477 1980 sit
511 1907 598 1979 utile
630 1907 737 2002 ipsis,
770 1907 866 2002 apud
895 1932 982 2003 quos
1004 1932 1086 2002 agas
1124 1903 1259 2002 [deien-

131 2015 259 2116 derel,
297 2026 359 2088 aut
393 2018 423 2089 si
446 2041 510 2113 pro
544 2016 647 2088 honis
682 2017 786 2102 viria,
822 2025 884 2089 aut
906 2025 999 2089 oerte
1023 2042 1085 2112 pro
1110 2018 1173 2102 iis,
1200 2017 1262 2112 qui

130 2131 207 2204 illis
232 2129 318 2200 boni
340 2136 446 2222 atque
470 2126 574 2199 utiles
602 2126 692 2212 sint,
718 2125 895 2198 laborare:
923 2150 1076 2221 namque
1099 2125 1182 2196 haee
1207 2150 1262 2197 res

131 2264 292 2314 amorem
312 2237 425 2332 magis
449 2236 626 2322 conciliat,
652 2235 714 2307 illa
731 2236 871 2307 virtutis
892 2235 1048 2307 defensio
1064 2235 1260 2319 caritatem;

130 2351 290 2448 plusque
300 2345 450 2442 proficit,
468 2346 497 2416 si
511 2345 717 2441 proponitur
729 2370 808 2440 spes
821 2344 980 2417 utilitatis
993 2345 1142 2430 futurae,
1157 2369 1263 2440 quam

132 2457 320 2557 praeteriti
348 2455 509 2527 beneficii
536 2455 830 2527 commemoratio
881 2454 1100 2526 Enitendum
1124 2462 1196 2540 est,
1222 2464 1263 2526 ut
1288 2475 1334 2524 001

130 2566 323 2652 ostendas,
361 2565 399 2636 in
434 2589 474 2636 ea
509 2588 567 2650 re,
605 2588 712 2659 quam
746 2564 933 2650 defendas,
967 2571 1028 2636 aut
1052 2564 1261 2660 dignitatem

129 2681 272 2762 inesse,
299 2682 359 2746 aut
376 2674 576 2761 utilitatem3
602 2697 770 2769 eumque,
797 2675 855 2745 eui
876 2673 1039 2746 concilies
1057 2673 1150 2745 huuc
1167 2697 1261 2744 amo·

130 2813 231 2873 rem,
270 2785 447 2880 significes
481 2784 571 2855 nihil
601 2783 646 2855 ad
679 2783 869 2855 utilitatem
897 2808 995 2856 suam
1020 2784 1197 2871 retulisse,
1224 2810 1264 2857 ee

131 2897 227 2971 nihil
265 2895 409 2985 omnino
442 2894 564 2965 fecisse
596 2918 699 2965 causa
735 2918 816 2965 sua:
849 2893 1027 2966 invidetur
1051 2895 1145 2967 enim
1169 2918 1262 2966 00111-

131 3006 254 3079 modis
285 3004 468 3075 hominum
492 3003 668 3099 ipsorum,
696 3003 821 3074 studiis
849 3012 967 3075 autem
995 3028 1112 3075 eorum
1143 3004 1283 3091 ceteris„

130 3113 387 3190 commodandi
409 3114 557 3184 favetur.
609 3112 883 3209 Videndumque
908 3112 972 3185 000
1001 3113 1076 3186 1000
1100 3123 1173 3200 est,
1200 3098 1339 3200 110000

132 3251 228 3324 quos
253 3224 300 3295 ob
325 3222 415 3294 bene
431 3222 523 3293 laeta
539 3221 641 3316 diligi
657 3221 834 3308 10101000,
861 3246 980 3294 eorum
1002 3222 1142 3295 laudem
1159 3232 1265 3316 atque

132 3336 311 3433 gloriam,
349 3333 406 3405 cui
442 3332 594 3403 maxime
630 3331 779 3403 invideri
807 3332 916 3417 solet,
943 3333 1048 3405 nimis
1073 3333 1264 3405 011011001-

132 3632 236 3679 favere.
253 3626 535 3688 Proptereatollendum
542 3626 683 3687 defendere.
732 3628 811 3685 ratio,
832 3628 973 3675 enitendum
992 3630 1030 3674 eet
1043 3654 1083 3675 -.
1118 3629 1180 3676 Turn
1190 3666 1196 3685 ,
1207 3642 1268 3690 prn-

169 3709 220 3757 aut
233 3707 267 3753 ai.
297 3706 374 3767 Vulg.
387 3705 409 3751 ei
422 3705 475 3751 aut.
507 3706 589 3752 Meam
602 3708 683 3752 trans·
726 3704 788 3768 finit
815 3706 960 3755 mutandum
986 3706 1012 3754 in
1032 3707 1181 3769 proficitur,
1204 3709 1270 3769 quod

133 3787 292 3851 positionem
310 3782 448 3845 probarunt
461 3783 588 3831 Editores:
603 3798 684 3844 neque
733 3784 860 3833 Pasaivum
874 3785 979 3833 recurrit
993 3790 1005 3843 §
1020 3786 1077 3833 219.

134 3868 208 3916 enim
237 3876 307 3911 nuno
327 3860 482 3924 cogitabatur
501 3861 533 3909 de
552 3860 685 3922 partitione
767 3864 828 3912 207.
845 3864 995 3911 enitendum.
1031 3864 1211 3928 Corrigendum
1232 3868 1270 3913 ni·

135 3942 356 3994 antecedentium.
734 3942 844 3990 tendum.

172 4034 284 4082 namque
297 4020 357 4066 0000
369 4031 410 4064 rea
422 4032 529 4065 amorem
540 4020 618 4081 mepte
629 4031 684 4065 eon-
767 4021 825 4068 208.
843 4019 870 4067 id
877 4020 980 4081 factum
997 4036 1094 4085 aupeae.
1128 4022 1269 4071 Emendan-

135 4102 223 4150 eiuat.
260 4098 371 4155 Desero,
386 4097 454 4157 quod
467 4101 524 4144 ante
537 4096 563 4143 in
578 4096 615 4144 his
630 4111 685 4144 cor·
734 4099 808 4156 dnm,
821 4112 919 4159 annuae.

135 4180 279 4245 rigandum
298 4176 544 4225 commendaveram:
567 4174 626 4223 haee
645 4188 687 4221 ree
767 4177 807 4223 ein
823 4176 888 4237 quod
901 4203 935 4211 —
947 4178 975 4223 iu
989 4192 1048 4238 quoe
1060 4178 1159 4225 minime
1172 4180 1274 4239 quisque

137 4265 193 4317 eat,
216 4255 331 4313 mitond,
352 4253 416 4316 qued
427 4254 490 4301 utile
502 4254 539 4301 eit
551 4254 626 4313 tymim
643 4255 687 4301 illu
736 4254 855 4301 00000101.
873 4256 959 4315 Neque
974 4260 1076 4317 apparet
1090 4256 1148 4317 quid
1160 4256 1273 4317 hucper-

136 4336 249 4386 virtutie
263 4334 375 4395 defende
388 4336 437 4389 est,
447 4345 497 4391 pro
509 4332 643 4380 unauna
651 4335 687 4379 ln·
735 4331 813 4380 tineat
834 4332 949 4395 quiaque,
971 4338 996 4382 et
1015 4334 1040 4381 in
1061 4334 1156 4395 syntaxi
1176 4334 1273 4381 deside-

137 4419 242 4465 horare.
273 4411 507 4461 Sententiaeformu
521 4415 603 4458 autem
616 4410 687 4459 resti·
735 4415 804 4459 ratur
825 4412 964 4461 Infinitivus
985 4413 1094 4470 Passivi,
1122 4412 1180 4460 fort.
1195 4410 1273 4474 fieri,

137 4494 240 4544 tuenda
265 4497 302 4541 est
322 4491 371 4537 hue
391 4490 440 4556 levi
460 4489 609 4537 mutationez
631 4504 687 4537 num
736 4491 948 4539 accommodatum
969 4492 1002 4539 ad
1020 4492 1058 4549 id,
1075 4491 1141 4552 quod
1154 4490 1222 4539 initio
1236 4491 1274 4538 iu-

138 4574 211 4635 quod
231 4573 292 4619 haee
312 4583 354 4616 ree
375 4596 406 4603 -
423 4568 533 4630 beneficii
546 4580 686 4615 commemo-
735 4568 914 4631 telligendum,
936 4571 975 4617 ein
989 4569 1053 4631 qued
1060 4568 1162 4628 foetum
1177 4584 1275 4633 urgues.
