3242 5500
415 554 528 604 urana
555 556 756 605 sncunnus.
785 537 802 618 S
829 536 912 605 329.
1157 540 1227 610 253

111 751 172 798 non
210 726 276 799 ista
311 725 481 799 brevitate
514 727 738 822 percurritur.
790 727 959 823 Apertam
989 728 1083 801 enim
1109 754 1224 803 narra·
1252 750 1297 796 aas

109 837 232 907 tionem
258 843 332 909 tarn
357 860 434 913 esse.
459 846 615 931 oportet,
643 861 748 931 quarn
771 844 903 921 oetera;
932 838 994 908 sed
1022 836 1087 910 hoe
1113 840 1226 935 magis

109 946 141 1016 in
173 945 237 1018 hac
271 944 522 1018 elaborandum
557 953 629 1033 est,
665 946 760 1041 quod
795 955 832 1018 θῖ
864 945 1042 1019 difficilius
1076 956 1225 1024 estnon

109 1079 176 1126 esse
208 1054 397 1128 obscurum
431 1056 466 1127 in
502 1080 539 1127 re
572 1055 766 1141 narranda,
794 1079 901 1151 quam
930 1050 1070 1150 [autin
1097 1058 1225 1153 princi·

109 1160 196 1259 pio]
225 1172 287 1237 aut
310 1164 346 1236 in
365 1164 561 1259 arguendo,
589 1172 650 1235 aut
666 1164 874 1260 purganda,
904 1159 983 1259 [aut
997 1163 1222 1261 perorando]

109 1281 139 1344 et
169 1274 297 1345 maiore
331 1273 434 1345 etiarn
467 1274 622 1369 periculo
656 1273 740 1345 haec
773 1298 854 1368 pars
884 1274 1052 1345 orationis
1077 1273 1225 1347 obscura

109 1390 175 1468 θεῖ,
208 1407 316 1477 qnam
349 1390 503 1481 ceterae,
539 1384 594 1455 vel
619 1383 721 1478 quia,
759 1384 788 1454 si
815 1407 886 1479 quo
911 1382 980 1454 alio
1006 1380 1042 1455 in
1069 1383 1145 1455 loco
1171 1393 1224 1457 est

108 1491 235 1563 dictum
259 1491 346 1586 quid
370 1491 574 1578 obscurius,
601 1499 740 1564 tanturn
765 1492 803 1564 id
828 1492 940 1587 perit,
966 1492 1062 1586 quod
1082 1492 1131 1563 ita
1151 1494 1224 1567 die·

107 1610 175 1671 turn
210 1608 284 1686 est,
321 1602 473 1673 narratio
508 1601 655 1674 obscura
687 1610 798 1673 totam
827 1610 985 1673 occaecat
1009 1602 1223 1688 orationem,

109 1709 157 1781 vel
182 1710 279 1805 quod
303 1709 372 1781 alia
396 1711 529 1805 possiS,
557 1711 664 1783 semel
690 1711 720 1782 si
737 1709 921 1783 obscurius
934 1710 1085 1797 dixeris,
1111 1712 1225 1783 dicere

108 1818 170 1890 alio
202 1818 279 1890 loco
315 1819 475 1915 planius,
507 1820 699 1892 narrationi
729 1844 823 1892 unus
855 1828 907 1891 est
931 1821 969 1891 in
989 1844 1093 1891 causa
1115 1821 1224 1893 locus.

107 1928 175 1999 llrn
197 1935 317 1999 autem
340 1929 525 2025 perspicua
548 1930 717 2015 narratio,
744 1930 773 2000 si
794 1928 909 2001 verbis
934 1929 1090 2016 usitatis,
1117 1931 1146 2003 si
1170 1954 1224 2001 or·

108 2036 183 2109 dine
207 2045 408 2133 temporum
433 2045 586 2124 servato,
613 2039 738 2111 sinon
764 2038 959 2133 interrupte
983 2038 1193 2111 narrabitur.

150 2148 217 2219 Sed
254 2146 395 2243 quando
427 2147 601 2219 utendum
627 2148 673 2219 sit
696 2154 758 2218 aut
780 2171 853 2218 non
875 2147 921 2219 sit
945 2148 1160 2233 narratione,
1185 2148 1224 2221 id
1251 2149 1294 2218 81

107 2263 154 2327 θεῖ
185 2255 337 2329 consilii.
388 2256 514 2350 Neque
547 2257 642 2329 enirn
673 2257 703 2329 si
735 2266 820 2328 nota
848 2280 904 2327 res
926 2262 995 2341 θεῖ,
1019 2279 1084 2328 neo
1107 2258 1137 2329 si
1160 2257 1225 2329 du·
1250 2274 1297 2320 ³³⁰

106 2364 219 2453 biurn,
252 2365 341 2461 quid
365 2373 506 2459 gestum
532 2366 594 2451 sit,
621 2390 759 2437 narrare
781 2372 936 2461 oportet3
963 2389 1027 2437 nec
1052 2364 1082 2437 si
1104 2366 1224 2438 adver·

107 2475 211 2547 sarius
244 2474 421 2561 narravit,
455 2474 525 2549 nisi
558 2476 588 2547 si
611 2475 829 2547 refellemus:
856 2499 913 2562 ac,
939 2474 969 2546 si
993 2475 1136 2570 quando
1159 2476 1225 2547 erit

106 2584 335 2670 narrandum,
366 2608 430 2656 nec
453 2583 534 2670 illa,
559 2610 648 2681 quae
678 2584 915 2680 suspicionem
937 2591 973 2657 et
994 2587 1126 2658 crimen
1151 2586 1223 2657 effi·

105 2693 212 2780 cient,
249 2701 442 2790 contraque
478 2718 541 2766 nos
576 2702 699 2781 erunt,
735 2693 861 2766 acriter
892 2717 1160 2790 persequemur,
1189 2702 1224 2766 et

106 2789 275 2899 quidq'uid
311 2803 439 2898 poterit
473 2802 713 2889 detrahemus,
740 2828 784 2874 ne
806 2804 916 2890 illud,
941 2804 1038 2898 quod
1056 2804 1221 2890 Crassus,

105 2913 131 2983 si
162 2913 306 3009 quando
339 2913 417 2998 fiat,
451 2913 614 3008 perfidia,
646 2938 716 2986 non
749 2913 899 2986 stultitia
929 2913 1004 2984 fieri
1037 2921 1156 3007 putat,
1183 2920 1222 2985 ut

104 3159 395 3170 ——n-—

103 3320 144 3368 sito
169 3319 249 3370 uerbo
277 3320 362 3368 malim
383 3319 502 3381 simplex,
526 3322 636 3370 sistitur.
685 3322 734 3368 rari
755 3319 847 3370 debere
868 3320 909 3385 (ut
926 3321 951 3368 h.
971 3322 990 3369 l.
1003 3333 1109 3385 sequere
1122 3323 1148 3368 et
1157 3333 1221 3381 pur·

132 3400 187 3446 329.
212 3413 289 3461 quam
300 3399 368 3460 ,[αθιί
387 3399 414 3446 in
429 3399 581 3460 principie]
603 3425 637 3434 —-
684 3398 756 3463 pare)
771 3399 900 3462 conficitur
914 3414 928 3447 e
944 3404 956 3458 ξ
970 3401 1028 3448 331.

105 3476 157 3537 [aut
171 3477 339 3537 peroranda]
376 3478 462 3538 Neque
475 3475 596 3537 principii
609 3476 636 3524 in
719 3479 868 3526 narrationi.
910 3477 1011 3526 conexi
1038 3479 1107 3541 vulg.
1132 3491 1221 3525 narra·

103 3553 145 3601 hec
170 3555 384 3604 demonstratione
411 3554 563 3603 mentionem
582 3554 636 3604 fieri
686 3557 768 3604 trouu.
801 3556 875 3605 conf.
891 3561 909 3615 ς,
918 3558 975 3605 311.

103 3633 236 3694 oportebat,
250 3647 334 3694 neque
340 3634 517 3694 perorationis,
531 3638 556 3681 et
563 3633 636 3681 omit·
718 3636 804 3684 ordine
828 3638 964 3694 temporum
983 3634 1088 3681 emoto.
1131 3634 1171 3682 Sic
1191 3649 1222 3684 ex

102 3716 182 3760 tuetur
205 3712 271 3760 adeo
292 3710 369 3760 verbe
388 3714 434 3759 aut
452 3712 591 3770 perorando
610 3710 634 3758 in
685 3725 740 3760 mea
761 3712 882 3762 sententia
895 3711 973 3760 edidit
986 3712 1117 3772 Kayserus.
1153 3711 1222 3760 Libri

102 3786 162 3838 bono
189 3790 254 3838 Cod.
280 3789 347 3850 apud
366 3789 534 3847 Ellendtium,
555 3801 637 3850 neque
686 3790 946 3839 supernaturalem
960 3791 1034 3838 modo
1047 3790 1222 3854 corrigendum

103 3873 136 3916 est
149 3867 194 3916 nisi
206 3868 346 3930 depravata
358 3867 445 3924 lectio,
459 3882 506 3929 pro
519 3869 564 3914 eut
571 3879 635 3927 par·
685 3871 735 3917 Ill.
752 3873 764 3927 ξ
779 3871 825 3926 45,
839 3869 893 3917 init.

101 3948 183 4004 pando.
196 3973 229 3982 -
252 3948 354 4003 Meum,
370 3947 396 3993 in
409 3946 534 4006 arqcende
547 3944 636 4009 (quum
718 3948 775 3996 330.
794 3962 856 4008 quae
865 3948 1027 4007 respiciebam
1038 3948 1164 3995 eterimea
1171 3950 1223 4010 effi·

102 4025 173 4086 vulgo
184 4026 303 4074 ederetur
313 4022 339 4071 in
350 4021 515 4086 arcanarum),
530 4023 638 4084 suscepit
685 4023 758 4072 dent.
776 4024 865 4085 Aptius
879 4029 939 4086 puto
952 4024 1016 4084 fore,
1031 4040 1094 4087 quoe
1103 4040 1169 4086 ceap.
1178 4029 1223 4074 aut

103 4103 233 4163 Kayserus:
253 4099 406 4160 Lambinus,
421 4103 447 4148 in
460 4103 635 4165 argumentan-
685 4103 779 4150 crimea
791 4102 835 4162 eff.

103 4179 137 4228 dc.
168 4183 224 4230 Non
247 4185 350 4242 ceperat
372 4180 524 4238 Ellendtius,
547 4180 574 4226 iu
593 4193 637 4225 ar·
713 4193 893 4244 persequemur
919 4208 953 4216 -
972 4181 1136 4230 detrahemur.
1176 4182 1223 4230 Hic

101 4260 189 4320 pecude
201 4260 236 4307 ita
251 4259 316 4316 dici,
332 4263 360 4306 ut
373 4259 400 4304 ia
412 4271 441 4304 re
454 4257 596 4306 narranda:
613 4261 638 4305 et
685 4272 784 4319 quoque
803 4259 879 4306 leudo
899 4259 1052 4320 Kaysernm‚
1073 4261 1114 4321 qui
1131 4262 1224 4310 Futura

102 4336 146 4383 dici
165 4338 229 4385 illud
249 4335 357 4385 verbum
377 4337 408 4384 de
431 4340 501 4397 parte
521 4334 637 4384 orationis
685 4335 819 4384 restituerit
830 4351 876 4397 pro
885 4337 954 4400 vulg.
964 4337 1132 4387 Coniunctivis
1139 4340 1223 4387 Praes.

102 4418 199 4473 apparet
211 4413 298 4471 exhis,
313 4413 470 4470 Orettaas,
485 4413 638 4472 maximeque
686 4413 852 4462 Detrabemue
876 4415 938 4462 adeo
962 4414 988 4462 in
1008 4415 1135 4464 nonnullis
1154 4415 1223 4464 libris

102 4490 130 4536 iic
144 4493 215 4549 lucie,
232 4505 308 4553 qaum
325 4493 370 4538 oct
383 4504 487 4554 arquos,
501 4491 546 4538 aut
559 4487 637 4548 refel-
687 4495 734 4538 est:
757 4495 782 4538 et
799 4491 967 4552 praecipiendi
985 4490 1064 4539 forma
1083 4491 1224 4554 postulabat

103 4568 152 4614 las:
175 4575 249 4630 atque
271 4569 316 4617 ista
338 4568 469 4618 coniuncte
487 4577 636 4616 commemo-¹
687 4569 788 4616 Futura.
