3242 5500
456 551 568 599 ranna
596 480 763 600 ruamus.
792 534 810 615 i
837 534 894 603 74.
1168 538 1238 607 307

112 723 241 811 carim;
282 724 339 795 cui
375 723 561 818 disciplina
584 724 688 795 fuerit
711 724 847 809 iorum,
883 725 1050 820 magister
1073 751 1179 812 usus,
1206 735 1239 798 et

112 832 232 926 leges,
272 841 308 904 et
344 832 507 903 instituta
539 831 660 927 populi
696 832 849 905 Romani
882 822 1027 930 mosque
1052 836 1234 907 maiorum.

111 940 279 1013 Paullum
325 942 448 1013 sitiens
485 942 631 1013 istarum
666 941 814 1027 artium,
853 942 896 1014 de
930 944 1060 1039 quibus
1094 945 1237 1042 loquor,
1264 968 1295 1017 ra

112 1052 272 1145 gustavi,
308 1059 472 1147 quaestor
496 1051 532 1122 in
557 1049 642 1121 Asia
666 1076 777 1146 quum
801 1076 933 1137 essem,
961 1054 1141 1149 aequalem
1167 1056 1238 1126 iere

108 1184 232 1237 meum
269 1186 311 1231 ex
344 1160 535 1231 Academia
556 1159 730 1231 rhetorem
754 1169 900 1247 nactus,
927 1162 1169 1234 Metrodorum
1194 1165 1235 1236 il·

111 1267 210 1353 lurn,
250 1268 293 1339 de
328 1270 428 1341 cuius
459 1269 626 1340 memoria
647 1272 933 1342 commemoravit
954 1270 1152 1356 Antonius,
1180 1282 1235 1359 et,

111 1375 197 1447 inde
225 1377 418 1464 decedens,
450 1376 620 1463 Athenis;
647 1376 709 1448 ubi
735 1401 800 1473 ego
826 1378 961 1451 diutius
986 1404 1099 1453 essem
1123 1406 1235 1453 mora-

110 1494 201 1571 tur,
217 1486 287 1557 nisi
311 1485 612 1571 Atheniensibus,
639 1486 927 1582 quodmysteria
951 1512 1022 1560 non
1045 1490 1235 1577 referrent,

110 1594 268 1689 adquae
292 1594 401 1666 biduo
427 1596 537 1667 serius
566 1619 748 1680 veneram,
776 1598 1063 1670 succensuissern.
1117 1601 1236 1676 Quare

110 1696 197 1789 hoc,
224 1704 321 1799 quod
345 1705 556 1799 complector
580 1713 713 1777 tantam
740 1704 923 1777 scientiam
945 1707 1086 1803 vimque
1105 1708 1233 1781 doetri-

110 1836 197 1897 nae,
225 1838 296 1885 non
323 1814 427 1885 modo
452 1838 522 1885 non
546 1838 609 1909 pro
635 1838 710 1900 me,
738 1814 800 1886 sed
817 1823 938 1886 contra
953 1841 1010 1888 rnc
1028 1827 1081 1889 est
1096 1819 1232 1913 potius:

109 2140 184 2189 modo
199 2140 318 2201 scripturn
333 2144 369 2189 est
383 2143 440 2190 Nat.
455 2144 531 2190 Deoi.
546 2143 568 2191 I.
581 2144 648 2201 591,
698 2156 773 2199 sane,
795 2147 823 2190 ut
843 2146 887 2191 Gr.
909 2142 1005 2202 τέχναι,
1020 2149 1078 2193 eunt
1090 2148 1237 2207 compendia

110 2234 160 2267 non
182 2224 266 2267 tamen
287 2218 402 2266 Latinum
426 2234 478 2267 esse
495 2224 555 2281 puto
569 2225 597 2268 ut
611 2221 648 2267 di·
673 2236 675 2291 Ι
697 2220 750 2277 illa,
765 2219 1236 2300 quibusrhctoricidoctoresartiesuae

83 2314 86 2321 ι
110 2302 179 2344 catur
199 2297 295 2344 tautam
312 2298 359 2344 rim
373 2298 500 2345 doctrinae
514 2299 649 2359 complecti.
697 2297 1234 2367 praeceptatradebantmonf.supra,[586.

109 2376 251 2437 Usurpatur
264 2389 323 2423 sane
332 2375 445 2423 doctriua
452 2388 497 2437 pro
505 2391 534 2425 eo
542 2391 648 2437 quoque,
699 2377 749 2425 Sed
762 2391 853 2425 nomen
867 2378 930 2425 illud
938 2380 1032 2425 artium
1038 2381 1133 2442 respuit
1144 2382 1234 2429 Adiec-

109 2453 175 2513 quod
198 2453 252 2514 quis
266 2453 385 2501 discendo
399 2455 553 2516 assequitur,
567 2455 649 2515 itaque
697 2454 775 2502 tivum
796 2455 949 2513 raetorum,
970 2457 1071 2507 minime
1091 2460 1149 2509 satis
1167 2475 1234 2509 com-

110 2531 157 2578 lroc
170 2531 251 2592 ipsum
266 2531 373 2593 legimus
387 2546 469 2593 supra,
484 2533 505 2580 Ι.
521 2537 533 2591 ξ
547 2534 589 2581 15:
599 2534 650 2581 ¹sed
697 2533 842 2581 mandatum
857 2535 971 2582 sollemni
984 2535 1087 2585 istorum
1093 2537 1235 2587 libellorum

108 2610 155 2655 aim
183 2610 312 2657 doctrinae
340 2624 413 2657 nemo
441 2610 576 2673 appellavit
603 2626 648 2672 pro
696 2610 857 2673 inscriptione
868 2612 950 2671 τέχνης
961 2613 1093 2678 ῥητορικῆς,
1108 2619 1233 2677 utI.§9l,

109 2701 201 2750 magno
214 2701 319 2735 numero
333 2688 430 2745 artium,
446 2702 506 2750 quas
520 2689 573 2750 quis
580 2703 647 2737 com·
697 2703 766 2737 acmo
777 2691 886 2751 rcrmtor
899 2692 973 2739 artic.
1002 2694 1065 2741 Turn
1078 2697 1148 2743 artae
1160 2710 1234 2757 capa-

109 2769 274 2828 plecteretur,
303 2767 374 2814 sicuti
400 2769 534 2816 multarum
555 2770 649 2816 artium
697 2781 756 2815 uere
775 2769 910 2830 improprie
923 2770 1013 2819 dicitur
1027 2787 1072 2833 pro
1085 2775 1235 2834 articprae-

109 2846 155 2892 aim
169 2847 195 2891 ct
208 2845 341 2892 materiam
355 2846 491 2906 appellavit
506 2846 593 2895 Cicero
607 2861 647 2894 su·
698 2849 768 2907 cepta
783 2847 891 2894 tradere.
909 2848 1234 2914 Scd·t0tun1hoc,etipsunr

109 2937 168 2984 pra,
185 2924 206 2970 Ι.
222 2927 234 2981 ξ
251 2923 290 2969 10.
309 2923 417 2981 Rursus,
432 2925 452 2971 si
465 2925 513 2973 aim
526 2925 647 2986 interpre·
692 2924 867 2985 meridiamus,
881 2931 989 2988 sumtum
1002 2930 1145 2990 eall-577,
1160 2933 1235 2982 modo

108 3008 203 3057 tamur,
225 3005 254 3048 ut
273 3001 304 3048 sit
324 3001 488 3061 praestantia,
510 3007 552 3050 aut
566 3005 648 3051 effice·
695 3001 812 3049 indicavi.

109 3079 184 3137 citas,
200 3079 338 3128 necessario
353 3080 468 3128 doctriua
482 3081 568 3129 eadem
586 3082 647 3140 erit,
730 3080 761 3127 de
774 3081 857 3128 litium
866 3095 955 3142 acuere
961 3096 1037 3143 quum
1044 3084 1142 3144 dieitur,
1150 3088 1235 3147 quaeri

109 3172 170 3217 quae
191 3159 309 3214 scicntia,
331 3157 525 3218 habebimusque
547 3174 597 3207 non
610 3158 648 3208 fe·
696 3162 792 3218 potest,
808 3158 839 3208 de
854 3174 903 3220 quo
917 3165 1026 3223 genere?
1060 3165 1145 3212 Voluit
1158 3179 1231 3223 sane,

108 3236 212 3283 rendam
232 3235 404 3298 tautologiam.
439 3237 469 3284 In
491 3237 538 3284 hoc
552 3251 649 3298 quoque
698 3237 727 3282 de
742 3236 823 3284 litium
834 3239 972 3300 paraeciam.
990 3241 1052 3299 Sed,
1067 3257 1099 3290 ne
1113 3243 1170 3290 liter
1180 3244 1233 3304 qui-

108 3319 239 3375 peccatum
254 3318 305 3371 est,
321 3315 388 3374 quod
401 3313 534 3362 verborum
547 3330 649 3377 ‹tempo-
697 3313 754 3360 dem
768 3316 869 3376 proprie
881 3317 907 3364 in
919 3317 963 3365 illa
969 3318 1097 3368 rhetorum
1105 3321 1235 3384 disciplina

110 3392 164 3440 sitio
179 3405 248 3438 nunc
262 3391 310 3439 hoc
323 3393 408 3449 affert,
423 3398 450 3440 ut
464 3393 559 3442 dicatur
570 3396 648 3442 acicu-
697 3398 831 3462 vocantur,
852 3408 915 3455 quae
935 3411 986 3444 non
1003 3399 1050 3446 nisi
1062 3399 1089 3446 in
1102 3399 1157 3448 faro
1171 3402 1235 3449 etin

110 3471 145 3518 tia
166 3457 309 3528 doctrinae,
330 3469 356 3516 id
369 3471 436 3530 quod
450 3471 520 3520 vitari
535 3477 650 3534 potuerat
696 3470 792 3518 iudiciis
799 3473 967 3533 appellantur:
981 3475 1108 3524 rhetorum
1116 3483 1168 3526 erat
1175 3493 1233 3527 cau-

108 3547 157 3594 hoc
170 3547 260 3603 modo,
279 3549 422 3609 tantamque
435 3551 482 3596 aim
496 3549 632 3599 doctrinae.
697 3552 1232 3616 aarumeteoutraaereiarumgeneradistin-

142 3626 218 3684 Quod
245 3626 368 3686 sequitur,
397 3641 445 3674 nou
466 3643 516 3688 pra
539 3645 577 3676 me
598 3630 648 3688 eet,
698 3641 786 3690 guero,
801 3632 831 3676 ut
843 3628 971 3689 aliquoties
983 3631 1009 3678 in
1023 3632 1061 3680 his
1074 3631 1142 3680 libris
1155 3636 1232 3695 expli·

107 3718 214 3764 quaero,
237 3718 286 3764 quo
307 3710 407 3752 auctore
421 3710 463 3754 aut
477 3709 591 3768 exemplo
605 3708 649 3756 de·
698 3711 776 3754 catur.
789 3733 824 3744 —-
843 3709 929 3769 Neque
947 3709 1079 3768 satisfacit,
1094 3712 1161 3772 quod
1174 3712 1232 3760 sub-

107 3781 238 3829 iendatur:
266 3796 313 3830 nec
334 3783 400 3843 quod
421 3784 487 3845 apud
507 3785 648 3834 Terentium
697 3783 790 3842 licitur,
812 3787 838 3832 et
857 3786 888 3832 de
902 3788 1037 3848 principiae
1055 3790 1081 3836 et
1097 3790 1127 3835 de
1144 3803 1233 3838 narra-

109 3863 153 3916 est,
169 3862 306 3908 Heautont.
322 3861 422 3924 Prolog.
434 3876 471 3910 vs.
480 3863 520 3919 30,
535 3862 585 3910 hue
592 3879 648 3924 per·
698 3862 817 3918 tionibue,
836 3878 911 3924 quum
925 3865 1066 3928 diligentius
1079 3868 1123 3916 illa
1135 3870 1234 3930 partitio

107 3939 179 3986 tinet.
215 3939 296 4000 Supra
317 3940 431 4000 quidem,
454 3942 475 3988 Ι.
491 3945 503 3998 ξ
519 3945 564 3998 55,
582 3941 648 4000 aide,
698 3939 809 4001 exposita
827 3949 891 3990 esset
911 3944 945 3990 II.
962 3948 974 4002 ξ
991 3947 1036 4004 79,
1051 3960 1100 4007 sq.:
1116 3953 1141 3996 et
1155 3949 1234 3997 Char-

108 4031 139 4064 ue
159 4016 204 4064 lmc
225 4017 304 4064 iatum
324 4019 359 4064 eit
379 4033 393 4065 a
410 4034 448 4065 me
467 4019 574 4082 (Graece
593 4022 649 4084 πρὸς
698 4019 790 4076 madae,
806 4033 889 4081 supra,
904 4022 925 4069 1.
941 4025 1008 4081 586,
1018 4027 1146 4084 prooemia
1153 4027 1234 4088 potius

109 4091 190 4156 ἐμοῦ),
210 4095 276 4155 quod
290 4095 315 4142 in
330 4097 405 4158 longa
419 4098 578 4145 annotatione
592 4113 648 4159 per·
697 4102 722 4146 et
735 4098 840 4162 epilapoe
856 4101 1040 4149 nominavisset.

108 4173 219 4232 seqnitur
234 4173 383 4222 Ellendiius.
409 4175 494 4223 Livius
506 4180 589 4224 tamen
604 4177 649 4224 ali·
730 4176 775 4224 His
788 4177 892 4239 singulis
905 4178 955 4235 sic,
974 4185 1002 4227 ut
1015 4179 1132 4239 decebat,
1148 4185 1233 4244 explo-

108 4249 205 4311 quoties
218 4265 272 4299 eree
279 4265 330 4312 pra
343 4257 454 4314 usurpat,
469 4258 496 4300 ut
510 4254 541 4301 sit
542 4255 646 4314 favere.-
696 4253 740 4310 sis,
755 4268 838 4313 nemo,
853 4260 881 4302 ut
892 4261 961 4317 puto,
979 4258 1084 4319 amplius
1091 4261 1233 4317 contendet,

108 4328 159 4374 rid.
174 4329 206 4376 V.
228 4331 252 4377 3.
270 4330 293 4386 7,
316 4334 341 4378 et
354 4344 416 4390 quae
430 4331 648 4382 Drakenbcrehius
696 4347 733 4388 ea,
747 4337 873 4394 tamquam
887 4349 901 4381 a
916 4335 1034 4384 Cicerone
1046 4336 1167 4397 proiecta,
1181 4352 1232 4385 ser-

108 4406 200 4455 excitae
213 4408 329 4469 exempla
343 4409 374 4456 ed
388 4410 497 4457 xxxii.
515 4411 554 4458 lo.
571 4413 609 4458 ll.
695 4410 778 4459 venda
796 4426 858 4459 esse.
886 4413 967 4461 Crassi
980 4420 1062 4462 autem
1076 4415 1234 4478 disputationi

141 4486 184 4546 qui
198 4485 268 4534 arter
282 4485 420 4534 rhetoricae
433 4489 568 4547 eapauuut.
592 4490 648 4536 Non
697 4489 722 4537 in
737 4489 823 4551 primis
837 4491 968 4540 conveniet
982 4493 1045 4551 hoc,
1066 4498 1094 4542 ut
1106 4495 1171 4553 illis,
1186 4495 1235 4542 aiei

108 4577 158 4610 uno
176 4565 252 4611 modo
266 4564 292 4611 in
308 4563 345 4611 his
358 4571 487 4625 peccatum
502 4573 546 4614 est.
574 4566 650 4612 Arica
698 4566 887 4616 Atheniensibus
906 4598 939 4606 —
958 4574 1160 4631 euccermiaeem,
1175 4573 1233 4622 sub·
