3242 5500
442 577 750 626 transnatamus.
779 561 796 640 S
825 560 904 630 173.
1166 562 1237 630 349

116 748 168 820 bis
199 771 275 818 esse
303 747 522 820 adhibendos
546 733 776 847 putaverunt:
804 751 1097 846 interspirationis
1122 752 1236 837 enim,

116 881 182 928 non
220 855 478 952 defatigationis
513 868 673 946 nostrae,
711 885 827 955 neque
867 860 1088 932 librariorum
1123 861 1236 945 notia,

117 967 175 1038 sed
202 965 387 1036 verborum
412 975 447 1038 et
470 970 724 1041 sententiarum
748 970 853 1040 modo
879 971 1118 1064 interpunctas
1144 969 1237 1041 clau-

117 1075 208 1146 sulas
249 1076 287 1146 in
324 1075 542 1148 orationibus
579 1103 654 1150 esse
688 1078 893 1152 voluerunt:
932 1080 1040 1174 idque
1075 1079 1239 1174 princeps

117 1185 284 1256 Isocrates
318 1185 513 1258 instituisse
548 1187 678 1272 fertur,
710 1197 751 1258 ut
773 1188 991 1260 inconditam
1013 1189 1240 1283 antiquorum

117 1293 255 1366 dicendi
272 1294 580 1380 consuetudinem,
599 1290 841 1368 delectationis
859 1306 964 1392 atque
981 1297 1118 1368 aurium
1137 1320 1240 1368 causa

121 1403 431 1498 (quemadmodum
456 1404 578 1476 scribit
608 1405 802 1500 discipulus
825 1407 900 1477 eius
924 1407 1146 1493 Naucrates),
1172 1430 1238 1476 nu-

118 1513 221 1583 meris
249 1513 469 1608 astringeret,
522 1515 615 1587 Nam
640 1540 729 1611 quae
758 1511 858 1609 [haec
881 1510 967 1609 duo]
996 1516 1141 1600 musici,
1178 1516 1239 1610 qui
1267 1530 1313 1581 1⁷4

118 1629 214 1692 erent
245 1622 423 1717 quondam
444 1623 551 1694 iidem
572 1632 715 1719 poetae,
743 1623 933 1695 machinati
957 1624 1002 1695 ad
1028 1625 1239 1721 voluptatem

119 1739 220 1816 sunt,
254 1755 391 1802 versum
421 1740 526 1828 atque
563 1743 728 1820 cantum,
754 1743 794 1805 ut
828 1741 862 1804 et
884 1732 1068 1804 verborum
1094 1757 1240 1805 numero

118 1848 151 1911 ct
179 1865 305 1912 vocum
334 1842 438 1912 modo
473 1843 703 1914 delectatione
733 1844 912 1915 vincerent
939 1843 1077 1914 aurium
1102 1843 1239 1914 satieta-

117 1958 203 2035 tem,
242 1950 326 2021 haeo
362 1951 473 2046 igitur
510 1952 597 2038 duo,
636 1952 728 2024 vocis
762 1952 841 2024 dico
873 1952 1168 2038 moderationem,
1206 1961 1241 2024 et

117 2059 301 2131 verborum
334 2060 614 2148 conclusionem,
647 2061 763 2157 quoad
785 2062 954 2132 orationis
977 2061 1142 2132 severitas
1167 2062 1241 2157 pati

116 2177 253 2264 posset,
287 2193 308 2238 a
331 2169 467 2264 poetica
491 2170 536 2240 ad
560 2171 795 2266 eloquentiam
816 2169 1029 2241 traducenda
1049 2169 1238 2241 duxerunt.

119 2278 172 2349 ln,
204 2302 276 2372 quo
318 2277 408 2348 illud
442 2286 494 2350 est
536 2281 748 2365 maximum,
792 2279 903 2374 quod,
940 2303 1059 2349 versus
1094 2279 1131 2349 in
1167 2303 1240 2350 ora·
1270 2305 1314 2354 rra

118 2388 213 2458 tione
250 2387 280 2458 si
316 2387 465 2458 efficitur
500 2388 746 2460 coniunctione
782 2387 987 2473 verborum,
1017 2388 1141 2461 vitium
1168 2396 1220 2459 est
1231 2422 1239 2474 ;

119 2505 152 2567 et
175 2504 295 2567 tamen
320 2520 396 2567 eam
420 2497 722 2585 coniunctionem,
750 2498 851 2570 sicuti
871 2521 1030 2582 versum,
1057 2521 1242 2569 numerose

119 2606 241 2677 cadere
274 2613 310 2676 et
332 2606 521 2700 quadrare,
549 2615 582 2678 et
605 2608 724 2702 perfici
747 2608 918 2678 volumus.
972 2607 1097 2703 Neque
1123 2617 1175 2678 est
1201 2632 1243 2680 ex

120 2881 235 2942 exemplo
248 2884 344 2928 tanturn
359 2879 476 2940 explicari
490 2880 550 2941 quid
561 2886 657 2930 veteres
705 2896 794 2943 supra.
809 2886 822 2939 ξ
837 2881 879 2930 97ι
894 2884 961 2937 tum,
976 2878 1075 2940 proprie
1089 2880 1166 2942 magis
1180 2880 1242 2926 hacc

120 2960 218 3008 dicendi
232 2958 342 3021 magistri
355 2958 500 3007 voluissent.
532 2961 658 3018 Quemad·
705 2976 763 3009 mox
781 2961 845 3009 voela
857 2958 992 3005 moderatio
1006 2963 1030 3005 et
1044 2960 1171 3005 verboram
1185 2973 1242 3006 eoa·

121 3039 223 3087 modum
236 3052 282 3085 nos
294 3036 453 3094 correximus,
467 3038 659 3102 statimapparet
706 3040 783 3087 custo
795 3037 963 3099 appellantur.

121 3123 160 3175 et,
186 3116 254 3177 quod
274 3116 299 3162 in
320 3115 412 3177 protasi
431 3115 570 3164 institutum
590 3124 657 3176 erat,
740 3132 755 3163 a
763 3118 872 3176 poetica.
890 3113 1020 3171 Dubitari,
1035 3129 1066 3161 aa
1081 3114 1197 3162 Latinum
1205 3129 1254 3183 css

120 3210 165 3257 per
185 3194 390 3242 instaurationem
411 3193 511 3241 demum
524 3194 619 3243 absolvi
632 3197 658 3243 in
707 3200 756 3244 set:
778 3199 803 3242 θῖ
815 3193 906 3256 requiri
919 3198 980 3255 puto
995 3208 1009 3239 a
1018 3194 1109 3253 praetio.
1143 3194 1181 3241 Nc
1194 3192 1243 3240 illis

120 3273 167 3332 his,
183 3274 243 3320 llaec
256 3272 336 3332 luitur
349 3272 449 3329 duo-,
464 3272 607 3322 sieutrecte
621 3275 658 3322 di·
707 3274 807 3334 quidem
833 3272 910 3329 locis,
937 3270 980 3319 ubi
1000 3270 1025 3318 in
1046 3273 1116 3333 vulg.
1136 3272 1243 3319 lectione

121 3350 206 3399 stinxit
220 3351 359 3410 Kayserus,
374 3354 399 3398 et
413 3349 516 3398 verbum
531 3352 597 3400 trad.
613 3354 658 3400 du·
703 3352 802 3413 poetico
814 3352 954 3412 appellatur
965 3350 1061 3413 (Orat,
1077 3350 1155 3407 5180,
1170 3352 1242 3397 Tusc.

120 3431 231 3486 amnt,
252 3429 278 3475 in
299 3430 348 3476 fine
362 3433 390 3487 t,
405 3428 493 3477 referri
506 3431 538 3477 ad
551 3432 608 3479 illoa
621 3444 658 3478 oe·
708 3431 729 3477 I.
745 3434 757 3488 ξ
773 3432 788 3477 3
803 3434 828 3477 θῖ
842 3430 885 3476 IV.
902 3433 913 3486 §
929 3426 987 3485 69),
1003 3441 1094 3475 nomen
1107 3428 1171 3475 illud
1185 3442 1241 3488 pro-

123 3511 201 3565 terea,
216 3508 243 3554 in
258 3511 270 3565 ξ
287 3504 343 3555 173.
707 3508 761 3555 bari
774 3522 846 3569 posse
860 3507 966 3554 videtur.

154 3587 184 3633 nt
211 3588 238 3633 et
264 3588 391 3633 verboram
411 3599 512 3633 numero
533 3589 660 3635 eloacam
744 3587 800 3636 175.
819 3587 846 3632 ia
860 3583 983 3646 quiaillud
995 3581 1181 3629 estmoaa'mum.
1199 3582 1243 3630 Ni-

123 3665 193 3712 modo
206 3664 368 3711 delectatione
379 3665 505 3712 vincerent
516 3667 659 3713 auriumaa·
708 3664 745 3711 hil
758 3667 873 3725 apparet,
889 3662 954 3723 quod
969 3661 1103 3709 maalmam
1116 3660 1143 3707 in
1156 3660 1203 3708 hac
1217 3674 1244 3709 re

125 3743 246 3791 tietatem,
281 3743 425 3790 Necessario
445 3744 549 3792 offendit
568 3744 661 3805 duplex
708 3742 885 3803 appellandum
899 3741 938 3789 sit.
972 3739 1088 3799 Suspicor
1101 3743 1245 3799 corruptum

124 3820 270 3877 Ablativus,
293 3823 420 3868 verboram
440 3835 541 3868 numero
554 3821 662 3871 delceta-
709 3836 762 3869 esse
783 3836 813 3869 ex
830 3820 913 3881 aliquo
926 3817 1067 3880 participio,
1082 3832 1107 3865 v.
1122 3831 1144 3865 c.
1159 3817 1245 3863 leaen-

125 3901 190 3947 ttoae
204 3901 309 3948 vincere.
334 3900 398 3969 Sed5
413 3899 472 3959 quid
486 3905 524 3948 est
536 3904 662 3948 amomum
710 3900 783 3957 dnm,
798 3904 841 3946 ant
855 3898 913 3945 alio.

125 3977 260 4025 numerato?
288 3977 377 4024 Versus
391 3978 456 4025 enirn
471 3992 597 4037 nummos,
611 3995 662 4028 non
741 3978 866 4026 incondite
879 3976 980 4037 fundit.
1022 3974 1089 4030 Imo,
1111 3974 1245 4021 incondito⁴

125 4070 254 4103 namnam
280 4056 407 4103 verborum
434 4056 555 4106 continet:
582 4074 663 4120 neque
711 4060 789 4115 Tum,
815 4054 936 4102 librorum
962 4066 1059 4114 quoque
1086 4052 1246 4107 auctoritate,

125 4150 208 4184 vocum
228 4135 328 4191 modae,
350 4135 394 4182 sed
411 4136 477 4181 modi
490 4136 591 4197 cogitari
606 4152 663 4198 pos·
711 4134 875 4184 omittendum
889 4134 1008 4194 quantam
1016 4131 1110 4191 potest.
1124 4156 1158 4165 -
1171 4131 1246 4187 Mox,

125 4219 191 4261 sunt.
209 4212 333 4273 Equidem
347 4218 372 4260 et
383 4227 493 4270 numero,
508 4218 533 4261 et
543 4214 663 4263 moaloab-
711 4213 808 4263 sublata
836 4208 932 4271 syllaba
958 4211 1023 4257 male
1042 4209 1145 4265 iterate,
1170 4207 1246 4255 corri-

124 4291 231 4338 iicienda
252 4305 356 4348 censeo,
374 4292 572 4351 servandumque
585 4294 663 4340 delec-
712 4293 836 4357 gendum,
855 4290 982 4335 terminat.

127 4371 233 4427 tatione,
255 4370 322 4430 quod
343 4370 448 4418 Ernesto
467 4370 600 4419 videbatur
615 4373 663 4420 tol-
745 4382 848 4417 numero
875 4393 906 4402 -
926 4366 952 4411 et
975 4364 1093 4419 astricto,
1114 4366 1139 4410 et
1159 4364 1247 4411 colato.

126 4449 229 4497 lendum
249 4462 311 4496 esse.
347 4446 457 4496 Numero
470 4451 597 4509 complecti
609 4466 665 4499 aeo-
714 4451 772 4499 Sine
783 4446 936 4496 dubitatione
944 4443 1050 4505 corrigo,
1065 4443 1191 4499 accentu,
1206 4456 1250 4489 nee

126 4528 232 4574 tentiam
252 4531 321 4573 recte
341 4540 401 4574 sane
421 4527 523 4587 dicitur,
539 4532 551 4586 §
568 4529 626 4578 175:
642 4533 667 4577 et
713 4532 771 4586 ool„
786 4527 853 4588 quod
868 4530 893 4573 et
903 4520 1182 4585 persecommendatur‚
1195 4524 1249 4567 tum

127 4606 260 4652 delectatio
288 4619 345 4651 cnm
372 4606 489 4653 sotietate
509 4606 667 4670 coniungitur
714 4608 758 4664 iis,
774 4620 837 4667 quae
851 4603 933 4651 statim
946 4599 1116 4649 subiiciuntnr.
