3242 5500
374 549 442 620 162
696 565 810 615 runnu
836 565 1038 616 suonunns.
1066 548 1083 630 §
1109 547 1167 616 98.

373 739 605 837 quentissimo
617 732 835 834 temporibus
848 738 934 824 illis,
958 761 1171 834 quemquam
1185 735 1272 808 mihi
1286 761 1489 834 magnopere

374 850 515 922 videtur
539 848 669 920 imitari
676 882 685 934 ;
713 849 775 943 qui
802 843 953 942 [tamen]
969 846 1153 919 verborum
1166 847 1355 942 gravitate,
1382 856 1415 919 et
1428 848 1488 919 ele·

375 958 514 1054 gantia,
539 965 574 1030 et
598 957 698 1053 copia
723 981 822 1028 suam
848 956 1036 1052 quamdam
1058 954 1227 1051 expressit
1238 955 1339 1051 quasi
1352 955 1489 1028 formam

374 1070 595 1163 figuramque
631 1066 787 1138 dicendi:
825 1066 920 1161 quod
955 1089 1020 1161 ego
1045 1063 1196 1160 maxime
1219 1065 1321 1160 potui
1346 1065 1489 1138 iudicare

374 1177 412 1248 in
437 1201 478 1247 ea
501 1201 622 1262 causa,
645 1199 751 1272 quam
776 1175 837 1246 ille
860 1182 980 1246 contra
1005 1197 1062 1246 me
1082 1174 1176 1270 apud
1189 1175 1423 1246 centumviros
1435 1199 1490 1270 pro

374 1284 538 1358 fratribus
563 1285 681 1357 Cossis
706 1284 813 1369 dixit,
839 1284 876 1354 in
901 1307 972 1379 qua
991 1283 1082 1355 nihil
1099 1282 1293 1369 illidefuit,
1319 1283 1488 1379 quodnon

373 1394 478 1466 modo
502 1395 683 1490 copiosus,
708 1393 770 1465 sed
795 1393 901 1465 etiam
922 1393 1060 1489 sapiens
1073 1401 1188 1464 orator
1199 1391 1329 1464 habere
1344 1392 1488 1464 deberet.

304 1511 351 1581 24
425 1502 577 1590 Verum,
614 1509 655 1574 ut
689 1501 878 1598 aliquando
911 1502 956 1573 ad
991 1526 1112 1574 causas
1136 1501 1354 1574 deducamus
1376 1502 1489 1586 illum,

320 1638 352 1682 aa
377 1636 483 1709 quem
506 1612 745 1697 instituimus,
772 1619 807 1683 et
831 1635 889 1682 eas
909 1611 1069 1706 quidem,
1094 1610 1132 1682 in
1157 1609 1287 1706 quibus
1299 1612 1491 1706 plusculum

377 1720 512 1816 negotii
554 1728 626 1806 est,
672 1719 882 1792 iudiciorum
915 1728 1021 1816 atquo
1054 1719 1171 1792 litium
1209 1719 1339 1806 (riserit
1374 1721 1491 1816 aliquis

377 1831 522 1903 fortasse
556 1829 622 1902 hoc
656 1836 898 1926 praeceptum
934 1836 986 1900 est
1021 1829 1115 1900 enim
1144 1836 1315 1900 nontam
1337 1838 1490 1914 acutum,

377 1960 485 2035 quam
508 1937 763 2024 necessarium,
788 1938 974 2033 magisque
984 1937 1165 2009 monitoris
1177 1961 1249 2008 non
1262 1929 1368 2024 fatui,
1396 1962 1492 2034 quarn

378 2047 507 2120 eruditi
535 2047 731 2142 magistri),
762 2046 828 2118 hoe
860 2046 892 2118 ei
923 2047 1076 2142 primum
1099 2046 1372 2143 praecipiemus,
1399 2071 1491 2143 quas·

376 2181 528 2253 cumque
541 2181 662 2229 causas
679 2157 745 2228 erit
764 2162 994 2242 tractaturus,
1011 2163 1053 2227 ut
1071 2179 1129 2227 eas
1141 2155 1332 2250 diligenter
1343 2158 1491 2252 penitus·

304 2291 352 2338 roo
377 2292 447 2364 que
480 2273 677 2362 cognoscat.
727 2263 807 2337 Hoc
842 2265 880 2336 in
914 2264 1000 2336 ludo
1031 2287 1103 2335 non
1128 2265 1359 2360 praecipitum
1385 2267 1492 2339 faciles

377 2375 472 2448 enim
505 2398 629 2447 causae
664 2373 710 2445 ad
743 2398 870 2469 pueros
908 2373 1122 2445 deferuntur.
1173 2373 1249 2446 Lex
1273 2376 1492 2470 peregrinum

376 2493 468 2557 vetat
499 2484 537 2555 in
573 2507 714 2554 murum
749 2483 954 2555 ascendere:
990 2481 1168 2554 ascendit:
1207 2481 1324 2556 hostes
1352 2485 1491 2582 repulit:

377 2602 572 2666 accusatur.
624 2590 726 2663 Nihil
751 2598 802 2663 est
827 2592 961 2687 negotii
982 2591 1186 2664 huiusmodi
1208 2617 1349 2665 causam
1373 2617 1492 2689 cogno·

379 2727 493 2776 scere:
520 2709 615 2774 reete
648 2701 759 2797 igitur
793 2699 884 2772 nihil
916 2700 960 2773 de
996 2724 1100 2773 causa
1135 2700 1302 2774 discenda
1334 2701 1492 2799 praeeipi-

375 2821 440 2885 unt
469 2807 495 2907 [ι
505 2811 591 2883 haee
608 2818 662 2882 est
677 2810 772 2881 enim
785 2809 920 2881 inludo
936 2834 1121 2881 causarum
1138 2810 1289 2883 formula
1305 2808 1410 2907 fere].
1451 2810 1479 2883 A

375 2945 456 2993 vero
495 2922 533 2993 in
578 2920 653 2992 foro
690 2918 851 3005 tabulae,
890 2918 1111 3005 testimonia,
1149 2929 1270 3015 pacta,
1314 2930 1492 3005 conventa,

378 3028 634 3125 stipulationes,
653 3028 891 3123 cognationes,
905 3028 1103 3114 affinitates,
1121 3024 1288 3123 [decreta
1302 3024 1489 3127 responsa]

375 3138 446 3210 vita
482 3138 634 3233 denique
667 3162 808 3221 eorum,
842 3136 964 3233 quiin
992 3161 1096 3209 causa
1119 3147 1322 3225 versantur,
1347 3149 1422 3213 tota
1443 3164 1492 3211 co·

376 3247 577 3343 gnoscenda
600 3253 669 3318 est:
697 3269 847 3341 quarum
866 3270 983 3317 rerum
995 3246 1212 3342 negligentia
1224 3248 1492 3345 plerasqueoau-

410 3568 452 3617 99.
469 3581 540 3628 quem
552 3565 716 3613 instituimus.
738 3564 778 3611 Ite
789 3568 858 3612 recte
868 3577 915 3611 no·
963 3562 1071 3611 decretis
1089 3567 1114 3611 et
1130 3564 1269 3624 response,
1282 3578 1346 3627 quae
1358 3564 1493 3628 interposita

374 3645 488 3695 sissimus
501 3644 600 3701 Editor,
614 3658 661 3705 pro
672 3641 916 3690 aliorumcomtr'tur'·
964 3654 1016 3689 esse
1030 3640 1134 3689 coniicio
1148 3656 1162 3690 e
1176 3646 1189 3700 ξ
1205 3644 1262 3691 116.

374 3736 447 3772 mue.-
461 3722 495 3769 cf.
510 3735 598 3783 supra,
614 3726 626 3779 §
643 3723 688 3779 85,
711 3724 821 3777 etmox,
838 3724 850 3777 §
867 3717 913 3768 117
999 3719 1055 3766 101.
1073 3720 1103 3766 de
1115 3733 1145 3767 ea
1157 3732 1198 3777 re,
1214 3734 1288 3783 meam
1301 3734 1350 3769 aon
1361 3722 1435 3771 uouit.
1451 3720 1493 3768 Re·

376 3807 402 3850 et
417 3801 474 3848 162.
963 3795 1026 3856 quiri
1038 3802 1112 3859 puto,
1127 3812 1201 3859 quam
1211 3800 1391 3863 meoqaoutt:
1407 3798 1493 3857 emt

409 3878 547 3926 mamona·
572 3890 679 3925 mam.
719 3875 915 3925 Praeferendum
963 3880 989 3923 et
1003 3876 1059 3923 104.

375 3955 424 4005 fuit
437 3954 523 4013 alteri,
538 3954 664 4003 asmodi.
996 3966 1044 4001 aaa
1051 3953 1193 4013 turpissime
1198 3955 1289 4005 diem.
1307 3958 1364 4005 Hoc
1376 3956 1494 4017 eliquanto

410 4034 468 4082 loo.
488 4029 913 4095 [haecerteaim-formulusere].
962 4029 1065 4077 nimium
1092 4036 1143 4089 est,
1168 4047 1216 4081 nec
1235 4033 1399 4095 quaerebatur
1418 4039 1494 4083 utrum

375 4109 563 4167 Demonstrat,
577 4110 642 4157 hunc
654 4124 706 4157 non
719 4108 766 4157 nisi
773 4108 915 4169 interpretis
962 4110 1057 4169 pulcre,
1072 4124 1104 4157 un
1110 4110 1225 4172 turpiter,
1239 4113 1367 4172 sedrecte,
1378 4116 1494 4161 uncontrr

375 4191 503 4239 cuiusdam
530 4188 714 4237 annotationem
741 4185 809 4235 esse:
839 4186 914 4247 idque
962 4186 1493 4249 diceret.Unasyllabaebiecta,habebimus,

374 4268 512 4331 probarunt
524 4266 646 4315 Editores.
692 4288 702 4302 .
958 4264 1072 4325 pessime,
1087 4268 1221 4327 quodmihi
1229 4270 1309 4331 aptius
1317 4270 1479 4319 essevidetur.

409 4346 570 4411 cognationes,
582 4342 724 4406 affinitates,
739 4341 860 4403 [decreta
872 4354 912 4388 re·
996 4342 1052 4388 dam
1072 4342 1178 4391 inertiae
1197 4345 1417 4406 vituperationum
1438 4357 1494 4409 quae

374 4425 491 4486 eperum]
506 4424 558 4471 uita
570 4422 676 4480 denam
687 4446 730 4467 -.
744 4421 912 4476 Postremum,
961 4420 1041 4467 maior
1059 4422 1112 4479 est,
1133 4448 1176 4471 -.
1198 4425 1255 4472 Non
1268 4425 1322 4473 sine
1336 4438 1410 4473 eam
1422 4424 1448 4471 in
1460 4421 1493 4469 his

375 4503 438 4559 vita,
458 4505 527 4549 recte
547 4498 675 4547 subiicitur
693 4498 876 4560 cognationibus
889 4501 913 4544 et
961 4497 1040 4547 haesit
1053 4498 1203 4559 Lambinus,
1222 4516 1299 4563 quum
1311 4518 1364 4553 non
1376 4502 1495 4563 intellige·

375 4578 550 4644 affinitatibus,
571 4591 623 4625 non
639 4576 699 4624 item
712 4576 843 4636 copulatur
856 4588 911 4623 cum
961 4581 1013 4634 ret,
1035 4591 1110 4638 quare
1123 4580 1166 4627 illu
1179 4582 1330 4642 vituperatio
1342 4583 1420 4631 maior
1432 4580 1493 4627 dioc·
