3242 5500
466 528 579 576 crana
606 529 775 581 ruamus,
806 514 823 594 S
852 514 933 581 119.
1195 516 1265 586 327

136 700 340 787 Antonius,
367 703 486 774 omnia
508 711 591 774 sunt
613 704 659 775 ad
684 729 843 801 quaeque
866 729 995 800 genera
1019 706 1263 800 quaestionum

136 819 347 906 argmenta
371 810 558 896 sumenda;
584 812 646 883 sed
668 813 746 884 aliis
771 813 960 909 generibus
978 814 1037 885 alii
1059 814 1126 886 loci
1151 817 1263 912 magis

137 928 242 992 erunt
277 920 370 1016 apti:
404 921 559 1016 dequo,
586 945 656 992 non
679 930 752 994 tam
775 923 858 1018 quia
882 924 1028 1018 longum
1052 931 1124 1008 est,
1157 950 1263 1019 quam

136 1030 220 1124 quia
249 1031 494 1126 perspicuum,
521 1030 591 1102 dici
616 1030 705 1102 nihil
728 1040 782 1120 est
804 1056 957 1105 necesse.
1010 1027 1263 1106 Ornatissimae
1290 1047 1335 1093 12⁰

137 1146 221 1210 sunt
260 1139 370 1234 igitur
398 1140 571 1212 orationes
597 1164 678 1226 eae,
706 1166 795 1237 quae,
819 1142 988 1214 latissime
1010 1150 1200 1236 vagantur,
1228 1152 1263 1214 et

136 1273 156 1319 a
196 1242 348 1342 [privata
381 1257 416 1319 et
450 1243 486 1343 a]
527 1250 697 1343 singulari
720 1252 952 1323 controversia
977 1277 1013 1323 se
1038 1252 1083 1323 ad
1108 1253 1262 1324 universi

135 1358 277 1453 generis
314 1357 385 1428 vim
423 1358 667 1454 explicandam
703 1361 889 1432 conferunt
927 1356 978 1455 [et
1011 1357 1261 1456 convertunt],

134 1474 174 1539 ut
210 1467 258 1553 ii,
297 1467 360 1563 qui
381 1467 553 1553 audiunt,
579 1477 726 1555 natura,
752 1478 787 1541 et
812 1494 957 1565 genere,
986 1480 1019 1543 et
1042 1471 1203 1542 universa
1225 1495 1262 1542 re

133 1576 298 1672 cognita,
337 1577 380 1648 de
416 1577 566 1672 singulis
602 1578 692 1664 reis,
729 1587 764 1650 et
806 1579 1032 1665 criminibus,
1071 1591 1104 1650 et
1139 1579 1261 1651 litibus

134 1693 290 1760 statuere
311 1687 458 1782 possint.
512 1686 615 1759 Hanc
639 1688 684 1759 ad
709 1689 1001 1760 consuetudinem
1030 1683 1263 1783 [exercitatio
1290 1704 1335 1750 121

131 1790 204 1889 nis]
246 1820 327 1882 vos,
365 1795 625 1881 adolescentes,
666 1804 717 1868 est
753 1797 953 1870 cohortatus
983 1796 1184 1884 Antonius,
1211 1807 1260 1870 at-

131 1929 200 1999 que
235 1930 256 1976 a
281 1899 683 2002 minutis'angustisque
707 1907 1024 1979 concertationibus
1049 1907 1094 1979 ad
1119 1931 1259 1980 omnem

129 2015 200 2085 vim
235 2015 510 2110 varietatemque
546 2039 606 2086 vos
631 2015 827 2087 disserendi
852 2015 1085 2088 traducendos
1108 2017 1256 2114 putavit.

130 2125 251 2199 Quare
276 2148 347 2195 non
373 2131 425 2196 est
446 2149 638 2220 paucorum
660 2124 861 2196 libellorum
885 2125 950 2196 hoc
975 2149 1123 2211 munus,
1150 2135 1189 2197 ut
1214 2127 1256 2211 ii,

129 2233 191 2327 qui
229 2234 446 2328 scripserunt
481 2234 525 2305 de
558 2234 699 2306 dicendi
732 2234 887 2318 ratione,
925 2233 1157 2320 arbitrantur,
1196 2260 1257 2306 ne·

129 2366 198 2437 que
232 2343 442 2428 Tusculani,
479 2351 586 2438 atque
620 2343 725 2415 huius
755 2342 1006 2414 ambulationis
1031 2345 1254 2416 antemeridi-

128 2475 235 2541 anae,
272 2460 334 2525 aut
367 2461 505 2524 nostrae
535 2453 796 2548 pomeridianas
823 2451 1000 2524 sessionis.
1054 2453 1134 2524 Non
1161 2453 1257 2525 enim

129 2561 243 2632 solum
265 2562 421 2633 acuenda
439 2561 560 2647 nobis,
586 2586 701 2658 neque
718 2560 946 2657 procudenda
964 2561 1085 2656 lingua
1104 2571 1173 2647 est,
1195 2563 1256 2635 sed

128 2671 348 2742 onerandum
383 2672 702 2768 complendumque
735 2679 859 2769 pectus
881 2671 1113 2742 maximarum
1137 2697 1254 2744 rerum

129 2788 163 2851 ct
185 2781 421 2875 plurimarum
447 2783 637 2867 suavitate,
664 2783 783 2877 copia,
810 2782 917 2852 variet
939 2789 985 2853 te.

177 2891 307 2962 Nostra
332 2898 384 2962 est
407 2891 501 2963 enim
530 2891 701 2976 (simodo
725 2915 789 2962 nos
812 2898 983 2975 oratores,
1009 2890 1038 2961 si
1064 2890 1100 2961 in
1126 2889 1254 2963 civium
1281 2895 1323 2963 31

127 2999 463 3095 disceptationibus,
491 3001 521 3071 si
545 3001 582 3071 in
605 3000 789 3095 periculis,
818 3000 847 3070 si
872 2999 908 3071 in
944 2998 1253 3071 deliberationibus
1279 3020 1324 3067 rsa

126 3108 280 3203 publicis
301 3097 493 3181 adhibendi
515 3117 673 3181 auctores
696 3119 731 3181 et
754 3109 930 3204 principes
949 3112 1109 3195 sumus),
1135 3116 1254 3180 nostra

127 3226 199 3303 est,
238 3218 404 3313 inquam,
441 3220 556 3290 omnis
581 3219 647 3291 ista
669 3218 878 3314 prudentiae
900 3217 1149 3312 doctrinaeque
1172 3242 1252 3312 pos·
1352 3238 1355 3243 ’

127 3328 254 3414 sessio,
292 3328 329 3399 in
367 3353 473 3424 quam
507 3329 686 3413 hominm,
724 3326 824 3423 quasi
859 3326 1026 3398 caducam
1060 3337 1166 3421 atque
1193 3352 1250 3397 va-

126 3461 248 3522 cuam,
275 3436 496 3509 abundantes
521 3439 612 3523 otio,
640 3436 741 3508 nobis
763 3435 962 3531 occupatis,
990 3435 1251 3521 involaverunt,

125 3778 179 3821 tere
199 3775 232 3821 de
253 3788 283 3821 eo
304 3774 352 3820 dici
369 3773 422 3821 tere
442 3775 519 3830 solet,
541 3776 582 3835 qui
596 3775 663 3823 aliud
712 3776 830 3821 naturam
850 3772 954 3833 referri.
994 3774 1030 3820 Ne
1050 3772 1131 3835 agitur
1151 3772 1252 3832 quidem

122 3852 258 3912 relinquit,
280 3853 306 3899 in
325 3866 374 3912 quo
387 3850 544 3908 rersabatnn
558 3853 584 3900 id
597 3854 664 3913 quod
711 3853 738 3899 h.
752 3854 770 3899 l.
785 3852 817 3899 de
831 3852 1018 3899 coercitatione.

123 3929 154 3978 ab
169 3931 197 3976 h.
212 3931 230 3976 1.
245 3930 353 3977 alienum
368 3937 413 3978 cst.
745 3944 823 3991 neqrae
845 3929 976 3977 tuomum
995 3932 1069 3991 atque
1082 3929 1154 3976 baias
1167 3930 1248 3976 amba·

157 4009 216 4054 121.
235 4008 298 4055 itanc
318 4009 352 4055 ad
364 4010 562 4056 consuetudinem
578 4010 663 4070 [eam-
713 4009 813 4057 lationis
825 4034 866 4054 -.
896 4005 1031 4055 Turbatam
1047 4021 1099 4055 esse
1113 4007 1138 4054 in
1154 4006 1249 4055 Prono-

123 4085 265 4145 citaticnic]
284 4113 326 4132 -.
361 4087 521 4135 Manifestum
536 4102 588 4136 esse
602 4093 663 4149 puto
712 4088 778 4135 mine
795 4087 869 4134 tuias
888 4086 1061 4134 ambulationis
1081 4086 1248 4147 coarguitur,

123 4163 267 4211 Genitivum
281 4164 352 4211 illum
366 4165 445 4228 (quod
457 4180 662 4226 eperversaquo·
712 4166 779 4226 quod
791 4165 817 4212 in
832 4179 858 4211 re
872 4163 1005 4225 praeterita
1019 4166 1099 4227 (nunc
1111 4163 1176 4213 enim
1189 4178 1249 4211 con·
1305 4174 1318 4186 ⁸

122 4256 171 4300 que
185 4242 351 4289 collocatione
365 4243 480 4304 apparet)
492 4245 524 4291 ad
536 4245 662 4304 explicari·
712 4245 836 4299 sederant)
859 4243 904 4289 illo
925 4244 999 4290 Pron.
1022 4242 1056 4289 uti
1077 4256 1127 4289 non
1149 4240 1249 4289 licebat.

122 4320 182 4366 dum
210 4322 285 4367 Pron.
316 4320 378 4368 tanc
404 4322 580 4382 interpolatum
601 4336 661 4370 esse.
712 4322 893 4384 Corrigendum
914 4334 1018 4377 censeo,
1041 4320 1161 4379 -atque
1175 4320 1250 4365 antara

123 4397 274 4446 Cohortatus
298 4405 352 4446 crat
371 4401 494 4448 Antonius
515 4401 567 4455 hoo
582 4401 662 4461 ipsum
711 4402 800 4448 aram.
815 4399 971 4455 antemerid„
987 4399 1031 4445 aut
1045 4398 1118 4445 baias
1126 4398 1249 4457 pomerid.

122 4476 157 4523 11.
179 4480 193 4534 §
217 4478 279 4533 133,
299 4491 374 4537 quum
388 4478 496 4536 diceret,
511 4493 593 4526 amaea
606 4492 661 4526 can·
711 4493 770 4526 cecc.

122 4557 256 4603 traverriac
276 4557 311 4603 ad
329 4556 436 4604 animai
453 4559 551 4619 pencris
571 4558 617 4603 nim
637 4558 662 4602 et
748 4559 803 4604 122.
821 4559 843 4603 si
860 4558 886 4603 ia
895 4554 1023 4617 periculis.
1059 4551 1198 4601 Ellendtius
1211 4551 1249 4599 in·
