3242 5500
497 571 611 622 urrann
638 573 776 624 neruus
801 557 819 638 §
846 557 904 628 73.

1213 558 1259 627 33

134 746 185 819 sio
216 744 253 816 in
286 743 501 818 orationibus
532 744 626 818 hisce
655 729 741 842 ipsis
774 745 1004 835 iudiciorum,
1031 749 1258 836 contionum,

134 863 300 941 senatus,
342 855 478 927 etiamsi
514 855 653 951 proprie
688 863 822 928 ceterae
853 881 924 930 non
959 857 1172 930 adhibentur
1203 884 1256 930 ar·

132 975 211 1052 tes,
237 972 355 1038 tamen
376 965 476 1038 facile
500 965 695 1038 declaratur

708 1025 717 1052 ,
743 973 864 1038 utrum
884 967 931 1054 is,
956 968 1017 1064 qni
1038 968 1152 1055 dicat,
1179 975 1256 1040 tan-

132 1075 318 1148 tummodo
350 1076 387 1147 in
409 1075 475 1147 hoc
496 1075 740 1148 declamatorio
761 1076 805 1148 sit
826 1101 929 1173 opere
949 1078 1118 1164 iactatus,
1145 1101 1190 1150 an
1212 1077 1258 1149 ad

132 1186 324 1258 dicendum
341 1183 506 1257 omnihus
523 1184 688 1280 ingenuis
706 1184 841 1258 artibus
856 1186 1047 1260 instnrctus
1061 1187 1254 1259 accesserit.

183 1296 274 1367 Tum
292 1294 411 1367 ridens
433 1294 620 1380 Scaevola,
648 1295 729 1366 Non
755 1294 935 1383 luctabor,
962 1296 1096 1392 inquit,
1121 1304 1255 1382 tecum,
1285 1303 1329 1374 17

132 1406 281 1492 Crasse,
318 1404 489 1500 amplius:
523 1403 560 1475 id
583 1403 678 1476 enirn
701 1403 842 1500 ipsum,
868 1405 963 1501 qnod
981 1413 1102 1478 contra
1126 1429 1183 1477 me
1206 1405 1255 1476 lo·
1297 1420 1329 1469 tt

130 1523 236 1588 cutus
268 1540 326 1602 es,
357 1513 504 1586 artificio
525 1513 678 1609 quodam
704 1538 740 1586 es
764 1523 996 1602 consecutus,
1022 1522 1119 1588 utet
1144 1514 1255 1601 mihi,

131 1650 223 1721 quae
258 1649 324 1721 ego
358 1623 483 1696 vellem
508 1647 580 1694 non
604 1647 679 1696 esse
704 1624 875 1712 oratoris,
902 1624 1132 1712 concederes,
1159 1632 1195 1697 et
1217 1649 1257 1696 ea

129 1736 231 1830 ipsa,
257 1734 374 1807 nescio
400 1758 469 1830 quo
493 1732 617 1820 mod0,
645 1757 765 1806 rursus
789 1733 1026 1829 detorqueres,
1050 1742 1161 1831 atque
1181 1759 1255 1806 ora·

129 1845 200 1917 tori
220 1844 361 1940 propria
378 1842 543 1916 traderes.
573 1843 692 1930 Quae,

720 1867 831 1939 quum
849 1868 915 1940 ego
937 1851 1073 1940 praetor
1089 1843 1256 1917 Rhodum
1299 1859 1329 1909 vs
1373 1923 1376 1926 .

129 1955 326 2040 venissem,
355 1960 389 2025 et
414 1977 495 2026 cum
518 1976 655 2026 summo
678 1952 739 2025 illo
762 1953 903 2026 doctore
923 1955 1026 2027 istius
1037 1953 1254 2050 disciplinae,

129 2064 321 2160 Apollonio
344 2088 406 2149 ea,
434 2087 523 2159 quae
544 2061 749 2135 aPanaetio
766 2088 991 2159 acceperam,
1014 2063 1254 2148 contulissem,

128 2173 238 2245 irrisit
275 2173 334 2245 ille
370 2172 513 2269 quidem
549 2176 602 2259 (ut
632 2172 779 2260 solebat)
820 2167 1114 2268 [Philosophiam]
1151 2179 1256 2268 atque

128 2283 363 2379 contempsit,
402 2282 583 2379 multaque
617 2279 688 2354 nori
720 2291 794 2354 tam
830 2283 979 2377 graviter
1011 2281 1122 2367 dixit,
1149 2306 1255 2377 quam

127 2393 263 2466 facete:
298 2401 359 2465 tna
391 2399 509 2464 autem
543 2390 609 2464 fuit
642 2392 749 2464 oratio
762 2391 966 2478 eiusmodi,
992 2414 1064 2464 non
1087 2399 1126 2462 ut
1147 2390 1256 2463 ullam

127 2511 240 2575 artem
268 2502 506 2575 doctrinamve
528 2509 788 2588 contemneres,
817 2500 878 2573 sed
902 2509 942 2573 nt
964 2525 1085 2572 omnes
1110 2499 1255 2573 comites

127 2638 169 2686 ae
205 2613 384 2685 ministras
419 2612 562 2685 oratoris
593 2611 847 2698 essediceres;
875 2634 983 2708 quas,
1011 2635 1097 2707 eg0,
1124 2609 1256 2706 siquis
1298 2606 1329 2657 ⁷⁶

127 2948 167 2992 tra
181 2941 403 3005 argumentationis
411 2940 554 2989 consilium:
569 2939 671 2989 omniuo

128 3037 181 3071 non
196 3021 231 3070 uti
244 3022 273 3069 iis
287 3025 410 3069 oratorem
423 3019 483 3068 dicit
497 3020 612 3077 Crassus,
627 3017 671 3066 sed

127 3108 215 3149 tamen
229 3113 349 3161 apparere
363 3125 404 3146 —.
419 3098 459 3146 Sic
466 3112 531 3155 mox,
547 3097 609 3155 573,
625 3096 672 3144 etsi

128 3180 323 3228 attitulantur.

165 3259 207 3308 73.
225 3260 254 3303 ut
273 3257 315 3317 qui
322 3257 378 3317 pila
393 3257 488 3304 iudam.
524 3253 575 3303 Ubi
587 3268 670 3303 exem-

129 3338 202 3399 plum
217 3336 335 3392 inierim,
356 3349 404 3396 quo
417 3334 443 3381 id
456 3334 592 3383 illustratur
606 3332 673 3393 quod

129 3422 188 3464 ante
213 3415 307 3463 dictum
327 3418 395 3470 erat,
421 3418 489 3461 recte
509 3412 562 3460 sine
582 3411 672 3473 copula

130 3574 205 3621 Offic.
221 3573 242 3620 Ι.
258 3576 271 3630 ξ
287 3574 318 3620 59
331 3569 463 3630 multisque
475 3568 604 3616 aliislocis.
622 3569 671 3615 Ve-

129 3666 187 3699 rum
209 3651 235 3697 h.
250 3651 281 3707 l.,
297 3662 360 3710 quae
377 3647 511 3697 similitudo
524 3646 671 3703 instituitur,

129 3730 239 3778 refertur
259 3729 291 3777 ad
311 3726 485 3789 explicandum
498 3725 525 3772 id
535 3726 602 3785 quod
613 3723 671 3772 snb-

129 3808 227 3865 iieitur,
242 3807 286 3856 sed
297 3806 345 3863 ita,
360 3810 388 3853 ut
401 3803 671 3866 cumsuperiorenrgu·

130 3886 284 3935 mentatione
302 3884 441 3933 cohaereat.
469 3884 603 3944 Propterea
617 3895 671 3930 eor-

129 3965 265 4029 rigendum
285 3963 346 4011 mihi
365 3962 464 4011 videtin
484 3963 560 4023 atque
574 3962 624 4023 qai.
638 3986 673 3995 -

132 4047 200 4094 Usus
218 4058 272 4091 sum
286 4057 316 4091 eo
323 4040 462 4104 corrigendi
469 4053 561 4103 genere
568 4044 593 4089 et
600 4038 671 4097 alibi,

131 4122 197 4172 etin
212 4124 292 4185 Legg.
308 4122 343 4169 ΙΙ.
358 4125 370 4178 ξ
386 4124 414 4178 5,
429 4135 455 4182 p.
463 4120 525 4177 466,
539 4119 670 4167 utendum·

132 4216 181 4264 que
194 4202 222 4249 in
236 4202 314 4249 Bruto
328 4204 340 4257 §
357 4200 404 4247 192
418 4213 449 4247 eu
464 4197 521 4247 287.

166 4282 243 4329 etiam
256 4280 279 4326 ai
292 4304 326 4314 -
339 4292 386 4326 aaa
399 4277 554 4325 adhibentur.
584 4277 671 4324 Postu·

132 4362 201 4407 lente
226 4358 348 4407 sententia
363 4356 479 4405 revocavi
493 4354 671 4404 indicativum:

132 4439 205 4501 vulg.
232 4438 410 4493 adhibeantur,
434 4439 560 4496 tamquam
587 4432 607 4481 si
627 4432 671 4480 ali·

133 4516 235 4578 quando
250 4521 335 4564 tamen
348 4514 374 4561 id
387 4516 466 4563 fieret.

170 4596 183 4645 7
187 4601 211 4645 5.
230 4610 305 4656 quae,
320 4608 394 4655 qaum
407 4608 449 4657 epo
461 4618 495 4629 -
509 4592 672 4641 contulissem.

720 2941 757 2989 Ex
777 2938 832 2987 aliis
851 2937 920 2987 libris
940 2938 981 2987 edi
999 2935 1095 2988 solebat
1114 2940 1173 2987 haec
1186 2951 1259 2999 qaam

720 3033 770 3082 epo.
808 3019 913 3065 Nullum
933 3016 1010 3065 estin
1023 3017 1061 3065 his
1075 3015 1256 3065 anacoluthon:

720 3097 778 3154 sed,
793 3096 836 3157 qui
848 3110 900 3144 non
912 3094 1065 3158 intelligeret
1078 3108 1256 3156 quaesuspen·

720 3190 774 3224 sum
795 3189 849 3223 esse
869 3172 901 3222 ab
918 3174 1016 3231 irrisit,
1030 3172 1256 3234 interpolavitphi·

721 3254 866 3315 loaophiam,
888 3266 951 3313 quae
970 3252 1024 3313 ipsa
1041 3251 1105 3299 nihil
1119 3252 1168 3298 huc
1181 3249 1256 3311 perti-

719 3332 803 3381 nebat.
822 3330 888 3384 Quae
900 3329 1007 3379 refertur
1018 3330 1051 3378 ad
1056 3330 1119 3377 illud
1125 3328 1256 3391 placitum,

720 3411 786 3472 quod
801 3412 902 3459 Crassus
915 3423 989 3477 supra
1003 3412 1015 3467 §
1030 3410 1062 3459 46
1081 3406 1195 3469 exponit,
1217 3422 1256 3454 re·

17 3516 24 3541 ι
130 3494 281 3543 sententiam
301 3492 402 3540 inchoat
423 3491 513 3539 Partic.
534 3493 579 3547 at,
601 3488 672 3538 sicuti
716 3490 779 3550 petii
795 3491 918 3536 maiorem
931 3491 980 3535 cet.
1014 3486 1083 3535 Nihil
1095 3486 1127 3533 de
1140 3485 1257 3532 hocloco

719 3566 905 3628 interpretando
917 3565 1025 3626 reperias
1035 3564 1103 3625 apud
1110 3563 1258 3623 Lyndenum

720 3646 751 3694 de
772 3643 891 3693 Panaetio
910 3660 936 3705 p.
958 3645 1006 3700 51,
1028 3642 1082 3703 qui,
1096 3646 1125 3689 ut
1137 3640 1260 3690 obtineret

720 3724 787 3771 huuc
801 3722 946 3771 Scaevolam
958 3720 1096 3769 auditorem
1106 3719 1182 3768 fuisse
1193 3721 1258 3767 Pan·

720 3802 791 3859 aetii,
812 3800 848 3849 uti
864 3804 980 3862 patuerat
998 3799 1043 3848 illo
1061 3799 1115 3861 ipso
1133 3800 1189 3848 loco
1201 3802 1214 3856 ξ
1226 3799 1258 3846 46

720 3880 849 3945 (Panaetii
865 3879 934 3926 illius
947 3877 1008 3942 rar.)

753 3960 891 4007 ministras.
906 3957 981 4016 Quod
991 3955 1051 4004 alibi
1062 3970 1159 4017 quoque
1166 3955 1259 4004 servari

720 4039 798 4095 solet,
819 4042 848 4084 ut
867 4036 921 4084 rin.
943 4036 979 4083 11.
1002 4039 1014 4093 5
1035 4035 1081 4093 37,
1103 4034 1171 4083 nolui
1186 4033 1259 4082 Nonii

721 4116 866 4165 auctoritate
879 4121 975 4163 mutare
988 4114 1014 4161 in
1027 4114 1229 4161 ministratrices.

756 4194 795 4244 76.
818 4195 841 4241 ai
861 4195 916 4255 qais
934 4206 999 4241 amaa
1018 4194 1158 4253 compleam
1171 4191 1259 4253 fuerit

721 4288 810 4323 amnes.
829 4272 930 4333 Suscepi
944 4272 993 4318 hoc
1007 4285 1038 4319 ex
1047 4285 1101 4318 var.
1113 4272 1185 4327 lect,
1199 4284 1258 4329 prae

721 4353 791 4414 vulg.
812 4352 835 4398 ai
855 4352 910 4412 quir
929 4351 965 4397 ait
983 4363 1048 4397 anas
1067 4351 1154 4408 campi.
1168 4362 1258 4395 omnes.

723 4428 855 4478 Manifesta
876 4428 902 4476 in
923 4428 969 4476 hae
990 4428 1124 4476 Scaevolae
1138 4425 1259 4473 sententia

722 4510 862 4571 postulatur
868 4509 996 4565 Futurum,
1006 4510 1035 4554 ut
1041 4519 1099 4553 mox
1105 4504 1259 4562 adiaaaerit,

723 4588 831 4649 atsere,
846 4590 886 4645 et,
900 4589 954 4643 uti
971 4584 1017 4641 79,
1031 4584 1054 4631 ai
1067 4583 1225 4632 acemaeriat.
