3242 5500
369 559 439 627 322
699 578 812 626 ruera
838 577 1007 627 ruamus
1032 560 1054 653 '§
1081 559 1162 627 loo.

369 750 558 847 quamdam
593 776 672 823 cum
710 751 981 847 amplificatione
1004 737 1259 823 incusationem
1284 742 1345 823 aut
1368 742 1496 845 quere·

369 861 459 945 lam,
498 867 616 931 contra
653 884 759 957 quam
792 860 862 932 dici
887 860 977 931 nihil
1004 860 1111 946 solet,
1138 885 1202 932 nec
1226 866 1363 961 potest3
1384 860 1497 931 .ut··5in

369 969 668 1066 depeculatorem,
705 969 742 1041 in
775 970 1010 1065 proditorem,
1041 970 1078 1043 in
1104 970 1333 1065 parricidam,
1361 969 1497 1065 quibus

369 1080 442 1163 uti,
469 1078 683 1151 confirmatis
707 1078 934 1162 criminibus,
960 1087 1114 1173 oportet;
1141 1079 1240 1151 aliter
1263 1080 1358 1150 enirn
1383 1079 1499 1151 ieiuni

372 1195 455 1260 sunt
488 1194 594 1282 atque
628 1188 770 1273 inanes;
810 1189 869 1260 alii
898 1196 1015 1259 autern
1040 1187 1170 1260 habent
1193 1189 1497 1284 deprecationem,

298 1318 345 1369 ror
371 1305 433 1370 aut
462 1297 739 1382 miserationum
767 1297 837 1369 alii
853 1321 933 1368 vero
958 1298 1127 1392 ancipites
1152 1298 1431 1393 disputationes,
1457 1298 1499 1368 in

371 1406 500 1504 quibus
526 1406 569 1477 de
595 1406 757 1478 universo
783 1431 911 1501 genere
932 1408 969 1477 in
996 1415 1181 1503 utramque
1210 1415 1346 1504 partem
1370 1406 1501 1478 disseri
1562 1449 1565 1455 <

371 1516 509 1611 copiose
541 1516 633 1586 licet.
686 1517 788 1591 Quae
821 1516 1020 1587 exercitatio
1054 1540 1149 1587 nunc
1179 1517 1320 1613 propria
1344 1515 1500 1587 duarum

372 1623 693 1722 philosophiamm,
732 1625 776 1696 de
811 1625 942 1719 quibus
978 1640 1060 1696 ante
1087 1625 1181 1711 dixi,
1208 1634 1372 1721 putatur:
1399 1625 1500 1721 apud

373 1734 534 1829 antiquos
559 1741 631 1804 erat
656 1757 796 1819 eorum,
823 1760 844 1805 a
868 1734 997 1831 quibus
1020 1735 1135 1806 omnis
1158 1735 1201 1806 de
1225 1737 1331 1808 rebus
1349 1734 1498 1806 forensi·

373 1843 440 1915 bus
473 1842 613 1914 dicendi
636 1843 722 1914 ratio
748 1850 781 1914 et
804 1844 905 1939 copia
929 1843 1132 1938 petebatur:
1161 1844 1204 1915 de
1227 1844 1356 1915 virtute
1380 1844 1498 1929 enirn,

374 1954 418 2025 de
449 1950 580 2036 offici0,
620 1951 663 2022 de
698 1976 810 2047 aequo
836 1961 871 2023 et
894 1951 1008 2039 banc,
1035 1952 1078 2023 de
1103 1953 1293 2048 dignitate,
1320 1953 1497 2038 utilitate,

374 2062 524 2155 honore,
563 2061 777 2155 ignominia,
818 2063 991 2156 praemio,
1023 2087 1155 2157 poena,
1182 2061 1432 2157 similibusque
1456 2062 1498 2133 de

374 2169 478 2242 rebus
503 2170 540 2241 in
562 2177 893 2266 utramquepartem
907 2171 1047 2243 dicendi
1060 2173 1212 2256 animos,
1231 2180 1264 2242 et
1281 2172 1372 2257 vim,
1391 2179 1428 2243 et
1445 2196 1496 2242 ar·

303 2305 349 2353 roa
374 2287 446 2351 tem
464 2278 592 2350 habere
617 2278 796 2351 debemus
850 2280 938 2366 Sed,
966 2281 1131 2376 quoniam
1155 2281 1199 2352 de
1223 2288 1343 2353 nostra
1360 2305 1497 2376 posses·

375 2389 472 2460 sione
498 2387 635 2483 depulsi
660 2388 696 2459 in
721 2413 844 2483 parve,
871 2397 906 2460 et
929 2414 970 2460 eo
994 2390 1162 2485 litigioso,
1183 2389 1362 2486 praediolo
1386 2390 1498 2461 relicti

376 2522 516 2582 eumue,
551 2505 586 2569 et
618 2496 766 2569 aliorum
789 2500 928 2595 patroni
953 2508 1072 2571 nostra
1095 2507 1215 2571 tenere
1237 2501 1401 2597 tuerique
1426 2525 1497 2572 non

375 2606 576 2703 potuimus„
615 2605 659 2677 ab
694 2592 737 2678 iis
779 2606 889 2702 (quod
923 2609 1211 2703 indignissimum
1246 2613 1338 2696 est),
1374 2612 1497 2705 quiin

411 2949 467 2997 107.
492 2947 580 2994 dieaeru‘
606 2946 673 2993 licet.
716 2945 912 3008 Corrigendum,
961 2947 987 2993 in
1008 2947 1092 3008 primis
1111 2947 1214 2994 ornandi
1229 2947 1407 2996 exercitatione
1420 2950 1497 2997 conti-

376 3027 527 3074 dissereret.
961 3026 1031 3082 neri;
1056 3026 1161 3086 ideoque
1181 3039 1249 3072 suam
1274 3027 1498 3075 controversiarum

410 3103 440 3150 de
453 3105 546 3150 uirtute
559 3102 622 3149 enim
635 3129 667 3136 -
681 3103 761 3149 artem
775 3103 911 3149 baberede·
961 3103 1117 3164 partitionem
1145 3103 1252 3164 explicat
1280 3105 1383 3152 Crassus
1407 3105 1499 3154 iudea

376 3184 465 3230 bomar.
506 3178 614 3228 Turbata
640 3180 714 3228 series
734 3181 911 3228 sententiarum
962 3182 1499 3244 §lllrtum,§120,explicat,quod

376 3267 422 3310 est.
440 3263 516 3316 Nam,
532 3258 598 3319 quod
610 3257 748 3306 illisverbis
756 3260 910 3316 continetur,
961 3273 1039 3321 genus
1059 3260 1283 3308 controversiarum
1303 3262 1411 3309 maxime
1424 3277 1497 3309 orna·

375 3341 476 3388 minime
494 3337 614 3385 rationem
634 3337 716 3385 reddit
736 3337 826 3400 (enim)
843 3338 910 3395 eius,
960 3343 1012 3385 turn
1026 3338 1103 3394 ierat,
1122 3339 1266 3400 denuoque,
1282 3343 1295 3397 ξ
1311 3340 1371 3397 123,
1387 3341 1497 3401 queritur

375 3419 442 3480 quod
462 3417 535 3465 modo
555 3415 695 3476 praecedit,
717 3416 783 3476 apud
797 3416 911 3476 antiquos
960 3417 991 3465 de
1006 3416 1106 3473 eodem,
1121 3422 1230 3465 oratores
1243 3418 1290 3464 istu
1304 3432 1318 3464 a
1332 3417 1495 3480 philosophis,

375 3510 473 3544 ornnem
494 3495 591 3542 dicendi
611 3494 730 3542 rationem
749 3495 800 3555 peti
813 3495 910 3542 solitam
959 3493 1073 3555 aquibus
1080 3495 1207 3556 exspoliati
1214 3508 1305 3552 essent,
1317 3510 1496 3557 sumereopor·

374 3575 449 3623 fuisse
476 3588 490 3621 a
517 3571 675 3634 sapientibus.
716 3573 911 3634 Transponenda
958 3578 1020 3621 tere.
1062 3575 1118 3621 Non
1145 3574 1264 3622 assentior
1290 3574 1328 3632 ei,
1355 3576 1398 3635 qni
1416 3590 1496 3636 nuper

373 3654 489 3702 videntur
508 3652 551 3698 illa
569 3654 624 3712 post
638 3651 699 3699 haec
712 3649 803 3708 verba,
819 3655 831 3709 ξ
848 3652 909 3710 108,
958 3653 1052 3699 animoa
1065 3651 1154 3699 mutari
1165 3653 1349 3702 commendavit
1361 3655 1495 3716 incopicee.

289 3753 298 3797 ι,
373 3732 429 3790 red,
450 3731 563 3792 quoniam
582 3757 615 3766 -
628 3731 776 3777 mutuemur.
812 3729 910 3776 Etenim
969 3732 1050 3795 ,loa
1067 3744 1133 3777 nune
1147 3731 1244 3791 quidem
1257 3733 1345 3778 illi—.
1362 3734 1495 3794 Perperarn

373 3811 408 3858 sic
434 3813 630 3871 argumentatur:
658 3808 702 3855 illa
722 3807 864 3855 exercitatio
883 3808 909 3854 in
959 3802 1098 3855 Ellendtins
1122 3807 1198 3856 verba
1218 3811 1318 3871 quidem
1338 3811 1376 3858 illi
1395 3811 1496 3859 insititia

373 3894 503 3948 utramque
516 3891 611 3948 partem
626 3886 760 3933 disserendi
774 3899 840 3932 nunc
851 3900 909 3946 pro·
958 3885 1041 3934 babet⁴

373 3968 427 4029 pria
448 3970 548 4027 putatur
562 3965 666 4012 duarum
680 3963 908 4025 philosophiarum:
991 3978 1023 4010 err
1031 3964 1161 4024 particule
1169 3980 1250 4025 parea
1263 3969 1341 4024 urbia,
1375 3968 1498 4030 intelligit

373 4045 428 4103 sed,
443 4044 555 4108 quoniam
572 4044 602 4090 de
615 4045 700 4090 anatra
709 4043 910 4102 poeceerionede·
958 4044 996 4087 τὸν
1017 4045 1156 4106 περίπατον,
1180 4043 1205 4091 in
1226 4058 1275 4104 quo
1297 4047 1404 4105 Lyceum
1423 4052 1496 4103 erat,

368 4125 437 4187 pulei
450 4150 483 4157 —
497 4121 693 4179 nonpotuimue,
708 4121 738 4165 ab
752 4119 825 4183 ite(i.
840 4135 863 4168 e.
878 4118 909 4166 ab
958 4119 1025 4180 quod
1050 4135 1102 4168 non
1127 4126 1180 4170 erat
1198 4124 1354 4184 gymnasium
1373 4121 1496 4171 suburba-

371 4202 420 4250 illis
434 4199 529 4248 duabus
544 4196 719 4260 philosophiis)
733 4223 766 4232 -
780 4197 911 4259 quodopue
958 4213 1033 4254 num,
1048 4203 1076 4247 ut
1088 4204 1159 4260 putat
1172 4201 1320 4249 Ellendtius.
1608 4216 1609 4219 ¹

373 4278 645 4327 catechismuiuemur:
663 4277 910 4331 decirtuteem'm,—
992 4276 1061 4339 (olim
1084 4281 1167 4326 cutem
1185 4306 1220 4314 —
1238 4278 1407 4342 mechantur).
1447 4280 1496 4328 Di·

372 4359 451 4405 artem
475 4357 562 4404 baben
587 4357 706 4403 debemur.
747 4354 843 4403 Dicunt
864 4355 910 4415 ἐφ’·
959 4361 1049 4404 cuntur
1072 4356 1134 4405 haec
1154 4358 1179 4405 in
1198 4359 1350 4419 parenthesi.
1384 4358 1431 4405 Sed
1449 4359 1497 4405 de·
1608 4372 1610 4445 p

373 4438 416 4484 tur
436 4463 477 4482 -.
512 4435 573 4482 Tota
594 4437 674 4482 autem
697 4433 759 4480 haec
777 4433 909 4493 disputatio
959 4435 1033 4482 lenda
1052 4440 1109 4483 sunt
1128 4435 1204 4484 verba
1214 4436 1354 4497 pbiloaoplri
1366 4436 1495 4497 appellari.

372 4531 401 4562 eo
415 4513 538 4576 pertinet,
553 4519 581 4561 ut
594 4513 759 4568 demonstret,
775 4513 908 4576 broccum-
991 4514 1037 4559 aut
1053 4514 1170 4575 definitae
1182 4516 1369 4563 coutroversiae.
1393 4515 1496 4576 Suscepi

372 4607 468 4649 muner,
491 4596 515 4640 ct
529 4593 651 4652 ancipites
663 4591 717 4638 illas
732 4590 911 4651 disputationes
959 4591 1023 4638 hanc
1044 4593 1236 4650 correctionem,
1259 4608 1273 4640 a
1291 4593 1392 4641 Pearcio
1408 4599 1431 4640 et
1447 4595 1496 4640 Er·

1373 4913 1397 4931 ra
1445 4899 1470 4922 Ψ
1494 4889 1527 4944 ,δ

1341 5183 1356 5204 .
