3242 5500
343 529 410 599 156
665 545 779 594 sinna
807 545 1011 596 suesanus.
1039 526 1057 607 §
1084 525 1141 596 87.

341 720 402 815 qui
440 719 506 790 erit
543 718 644 805 talis,
683 725 724 790 ut
752 716 986 790 cohortandus
1011 715 1300 812 adiuvandusque
1325 717 1394 802 sit,
1420 717 1476 788 ita

339 830 544 924 loquamur,
571 835 612 900 ut
637 826 670 898 ei
694 826 874 900 tradamus
899 850 939 897 ea
963 825 1154 912 duntaxat,
1181 849 1271 921 quae
1294 849 1360 896 nos
1384 850 1474 898 usus

339 937 483 1023 docuit3
509 944 549 1009 ut
573 936 675 1008 nobis
700 934 850 1009 ducibus
874 935 990 1007 veniet
1015 959 1078 1021 ec,
1105 959 1175 1032 quo
1201 935 1276 1008 sine
1293 935 1383 1008 duce
1400 935 1473 1032 ipsi

337 1047 580 1141 pervenimus,
607 1046 774 1142 quoniam
799 1044 944 1117 meliora
968 1044 1091 1116 docere
1115 1070 1187 1117 non
1213 1069 1412 1142 possumus.

266 1163 308 1232 21
386 1156 508 1252 Atque
548 1160 602 1243 (ut
638 1180 659 1227 a
694 1154 858 1227 familiari
895 1161 1013 1226 nostro
1044 1154 1232 1243 exordiar),
1260 1154 1356 1226 hunc
1380 1178 1470 1249 ege,

282 1289 313 1336 ee
340 1265 486 1352 Catule,
516 1259 747 1361 [Sulpicium]
774 1264 929 1360 primum
942 1264 978 1336 in
992 1288 1097 1338 cause
1108 1265 1254 1360 parvule
1266 1264 1471 1336 adolescen-

338 1375 455 1447 tulum
492 1375 631 1462 audivi,
668 1398 772 1460 voce,
810 1380 846 1445 et
882 1372 1013 1459 forma,
1044 1381 1079 1445 et
1105 1383 1205 1446 motu
1228 1373 1406 1469 corporiS,
1433 1381 1472 1444 et

337 1484 483 1579 reliquis
505 1483 611 1556 rebus
632 1490 755 1579 aptum
778 1482 825 1554 ad
842 1481 907 1554 hoc
924 1506 1072 1569 munus,
1099 1481 1143 1554 de
1160 1508 1231 1579 quo
1248 1484 1470 1580 quaerimuS,

337 1595 494 1666 oratione
523 1602 642 1666 autem
670 1592 774 1665 celeri
803 1598 839 1662 et
869 1592 1064 1679 concitata,
1094 1592 1190 1688 quod
1214 1601 1286 1666 erat
1309 1594 1470 1690 ingenii,

337 1710 373 1776 et
398 1703 513 1776 verbis
540 1700 844 1774 effervescentibus
869 1708 903 1774 et
927 1701 1046 1797 paullo
1071 1702 1222 1775 nimium
1234 1702 1468 1776 redundanti·

337 1812 428 1898 bus,
466 1813 562 1907 quod
597 1819 669 1884 erat
704 1811 840 1882 aetatis.
905 1811 986 1882 Non
1024 1835 1102 1884 sam
1136 1820 1363 1906 aspernatus:
1389 1812 1471 1884 volo

338 1921 452 2008 enim,
485 1946 522 1994 se
559 1922 678 2008 efferat
713 1920 750 1992 in
772 1919 992 1992 adolescente
1028 1920 1242 1993 fecunditas:
1270 1945 1353 1993 nam
1378 1921 1470 1994 sicut

337 2031 474 2104 facilius
510 2032 548 2103 in
586 2029 716 2102 vitibus
751 2036 958 2102 revocentur
994 2054 1055 2116 ee,
1082 2054 1173 2126 quae
1207 2053 1282 2102 sese
1314 2030 1469 2103 nimium

770 2107 919 2135 m

339 2140 590 2236 profuderunt,
627 2163 754 2235 quam,
791 2139 822 2211 si
845 2138 936 2211 nihil
960 2139 1050 2211 valet
1075 2140 1255 2225 materies,
1282 2164 1372 2212 nova
1396 2165 1469 2212 sar-

336 2258 454 2322 menta
478 2251 616 2323 cultura
641 2249 852 2335 excitantur,
878 2249 927 2320 ita
952 2250 1030 2321 volo
1061 2274 1136 2322 esse
1159 2249 1197 2320 in
1222 2249 1467 2335 adolescente,

336 2360 432 2432 unde
454 2359 589 2455 aliquid
613 2366 814 2454 amputem:
841 2382 912 2430 non
937 2359 1032 2430 enim
1055 2366 1169 2454 potest
1193 2358 1231 2430 in
1245 2383 1285 2430 eo
1298 2383 1466 2432 essesuc-

336 2494 398 2542 cua
423 2469 630 2554 diuturnus,
652 2467 748 2563 quod
769 2467 876 2539 nimis
897 2466 1055 2540 celeriter
1076 2476 1127 2540 est
1148 2468 1385 2540 matiuitatem
1410 2494 1466 2540 as-

281 2604 311 2650 so
338 2586 508 2651 secutum.
537 2577 621 2649 Vidi
646 2576 764 2649 statim
787 2575 961 2662 indolem,
984 2601 1099 2672 neque
1120 2577 1240 2649 dimisi
1252 2583 1408 2673 tempus,
1431 2586 1468 2653 et

372 2927 412 2973 88.
429 2925 562 2986 luncepo,
585 2922 687 2978 Catule,
704 2920 874 2983 [Sufficiam]
925 2935 976 2969 non
1003 2919 1147 2977 dicendam,
1176 2920 1221 2967 sed
1240 2920 1382 2968 diccendum
1402 2934 1466 2969 esse.

337 3006 394 3052 Non
406 3004 798 3056 tuleruntveteresannotetores,
816 3001 876 3047 utin
925 3000 1101 3059 Praeterquam
1122 2997 1197 3061 igitur
1216 2998 1284 3059 quod
1299 3002 1323 3047 et
1337 2999 1422 3056 ludus,
1440 3004 1466 3047 et

336 3060 790 3138 eiusmodisermoneinterpriesentea
798 3078 875 3126 Pron.
925 3077 1043 3137 mapieter
1059 3076 1108 3125 iam
1127 3075 1237 3124 continet
1249 3076 1359 3123 discendi
1371 3076 1465 3139 signifi-

337 3159 377 3208 lric
400 3158 453 3207 aine
473 3157 637 3218 explicatione
656 3156 763 3205 nominis
782 3158 876 3219 proprii
925 3156 1062 3213 cntionem,
1088 3167 1232 3217 persuasum
1253 3154 1314 3201 mihi
1333 3159 1371 3203 est
1390 3155 1466 3202 ledus

336 3240 457 3285 maneret.
490 3234 566 3283 Brevi
581 3234 714 3283 intervallo
725 3234 775 3282 iam
788 3241 876 3297 quater
925 3249 976 3282 non
1002 3233 1049 3283 nisi
1074 3248 1130 3281 cum
1152 3233 1266 3281 Genitivo
1286 3232 1357 3295 iungi
1374 3247 1463 3294 posse,

337 3328 429 3363 nomen
449 3312 552 3374 Septen·
572 3312 706 3362 delendum
720 3318 770 3372 est,
785 3329 875 3376 nempe
924 3311 995 3360 sicuti
1018 3312 1044 3359 iu
1065 3313 1112 3372 Ep.
1133 3312 1166 3359 ed
1186 3314 1217 3369 Q.
1241 3311 1299 3359 frat,
1321 3312 1370 3359 III.
1395 3314 1426 3370 4,
1448 3313 1463 3361 6

337 3397 362 3442 et
381 3391 438 3450 hic,
460 3395 485 3440 ct
505 3392 577 3449 596,
595 3391 641 3441 107
656 3396 681 3439 et
696 3392 755 3439 124:
769 3392 836 3440 idem
850 3392 875 3440 in
925 3388 998 3437 ludas
1016 3390 1126 3437 discendi
1145 3388 1242 3438 dicitur.
1278 3389 1335 3438 Sine
1354 3389 1398 3437 illo
1413 3392 1463 3439 Ge-

336 3471 463 3519 Scaevolae
475 3469 574 3518 nomine
587 3470 685 3527 notavi,
704 3470 737 3517 ad
750 3471 772 3517 1.
787 3474 800 3528 ξ
818 3472 874 3519 191.
923 3468 1022 3525 rundio,
1034 3468 1084 3517 ΙΙΙ.
1100 3473 1112 3527 ξ
1126 3468 1156 3518 74
1171 3470 1223 3525 fin..
1232 3468 1464 3529 estcuidiacrpliaa

337 3550 444 3606 Contra,
459 3549 508 3596 111.
524 3552 537 3605 5
552 3549 664 3605 aeetae,
678 3548 874 3597 sewandanom.
918 3546 1112 3607 fiaeritsorum.

336 3629 438 3690 propria
451 3627 669 3689 poatPronomen‚
683 3627 775 3689 quippe
787 3626 873 3677 distin·
957 3626 988 3671 ab
1008 3625 1052 3673 doe
1069 3638 1180 3673 amone
1198 3626 1376 3673 cohortationis
1387 3639 1462 3673 meae.

336 3707 445 3769 gueuda.
925 3704 1065 3768 Iunguntur
1088 3703 1132 3751 ille
1152 3702 1309 3753 Substantiva
1323 3704 1373 3761 sic,
1394 3704 1463 3765 quasi

370 3787 397 3832 in
416 3784 506 3831 vitibus
525 3783 731 3840 reuocauerat,
752 3797 815 3843 qaae
832 3809 874 3831 -.
924 3782 1060 3831 cohortatio
1073 3781 1360 3830 contineretaermonem.
1378 3783 1462 3830 Falso:

337 3866 505 3924 inpromptu
525 3876 578 3909 esse
592 3861 652 3908 mihi
666 3861 765 3909 videtur
778 3865 806 3909 ut
819 3875 873 3909 cor·
924 3861 1029 3908 alterum
1046 3859 1098 3907 sine
1112 3861 1190 3908 altero
1203 3874 1256 3909 esse
1269 3864 1375 3922 poterat.
1400 3861 1463 3909 Cor·
1499 3889 1503 3898 -

335 3942 446 4005 rigatur,
460 3941 613 3988 resecantur,
922 3938 1070 4003 rigentium,
1091 3940 1121 3985 ab
1134 3938 1179 3988 doc
1190 3953 1301 3988 amram
1314 3939 1464 3989 cohortatio-

371 4022 411 4069 89.
430 4006 576 4066 araas:
584 4016 630 4079 [ad
642 4016 809 4079 diccendum}
843 4018 875 4067 nt
924 4031 1001 4079 neque
1013 4031 1075 4064 meo.

336 4100 385 4148 hoc
396 4097 573 4159 interpolatum
586 4100 637 4153 est,
653 4101 678 4144 et
687 4094 719 4145 ab
730 4096 784 4145 aliia
790 4110 875 4145 rursus
956 4096 1001 4143 aed
1020 4111 1048 4143 eo
1068 4110 1116 4144 noa
1128 4097 1191 4144 satia
1199 4099 1323 4161 proficere
1330 4099 1464 4160 potuisset.

335 4180 480 4237 corruptum
490 4174 517 4222 in
528 4175 562 4222 ad
567 4174 710 4231 dicendum,
724 4175 874 4236 quodquam
924 4173 1061 4238 Agnovisse
1072 4180 1133 4236 puto
1145 4176 1312 4235 Ellendtium‚
1326 4176 1465 4225 subiectum

335 4252 492 4317 praeferebat
512 4254 630 4301 Ernestm
649 4252 736 4312 alteri,
757 4253 874 4314 quoniam
923 4252 993 4302 verbi
1009 4254 1135 4313 potuisset
1154 4255 1293 4303 necessario
1313 4268 1367 4303 esse
1382 4256 1464 4318 Sulpi·

335 4339 404 4382 recte
420 4329 640 4388 animadvertebat,
654 4331 718 4378 illud
732 4331 827 4379 discere
840 4332 872 4379 si·
925 4332 1005 4388 cium,
1028 4331 1110 4394 itaque
1126 4333 1261 4391 concludit,
1277 4348 1305 4381 ea
1319 4347 1372 4381 esse
1386 4331 1466 4383 Abla-

336 4411 448 4475 gnificari
466 4410 515 4459 iam
535 4408 636 4457 nomine
657 4410 723 4466 iudi,
743 4408 873 4459 oblivisce·
923 4409 1017 4467 tivum3
1032 4410 1088 4468 sed,
1102 4424 1148 4471 per
1162 4424 1202 4468 se,
1216 4411 1311 4472 inquit,
1327 4412 1468 4475 elegantius

336 4489 409 4538 batur
421 4495 513 4544 tamen,
528 4487 872 4551 discipulismamheecfigu-
923 4488 1012 4537 dicitur
1033 4488 1086 4550 ipsa
1106 4492 1198 4537 natura
1210 4491 1344 4553 proficere.
1379 4492 1466 4539 Incra-

335 4584 363 4615 ra
384 4575 407 4617 et
426 4566 560 4616 similitudo
578 4565 700 4615 servande
714 4565 763 4628 est)
776 4567 801 4615 in
817 4568 874 4615 ludo
924 4566 1012 4614 dibile!
1028 4567 1148 4628 siquidem
1159 4569 1282 4630 proficere
1296 4568 1410 4630 discipuli
1420 4574 1467 4625 est,
