3242 5500
487 538 600 587 urana
628 540 766 590 ramus
795 524 812 604 §
840 522 920 591 168.
1219 523 1261 592 71

137 718 229 784 esset
239 718 362 808 coepta
375 711 506 795 deberi,
517 711 657 807 petitor,
669 734 789 783 rursus
800 736 911 808 quum
922 720 1068 807 peteret,
1080 737 1124 784 ue
1135 737 1257 809 excep·

134 823 233 893 tione
266 820 524 905 excluderetur,
558 820 651 915 quod
680 844 721 892 ca
752 845 806 893 res
835 821 875 894 in
897 820 1066 893 iudicium
1085 835 1190 895 antec
1207 846 1259 895 ue·

136 930 252 1004 nisset.
315 930 413 1007 Quid
444 954 528 1025 ergo
558 928 622 1001 hoc
652 930 728 1001 fieri
757 931 896 1026 turpius
930 939 992 1002 aut
1023 930 1092 1002 dici
1122 941 1259 1028 potest,
1287 955 1332 999 rar

137 1064 243 1135 quam
273 1064 376 1126 eum,
412 1039 474 1136 qui
502 1038 591 1111 hanc
616 1064 801 1135 personam
827 1039 1034 1135 susceperit,
1067 1049 1107 1112 ut
1132 1041 1259 1113 amico·

136 1174 215 1221 rum
240 1149 490 1222 controversias
515 1156 707 1243 causasque
733 1157 891 1235 tueatur,
917 1148 1158 1222 laborantibus
1181 1174 1257 1222 suc·

136 1266 272 1345 currat,
303 1260 417 1354 aegris
442 1259 639 1344 medeatur,
665 1257 812 1330 afflictos
837 1258 983 1344 excitet,
1010 1256 1104 1330 hunc
1130 1259 1166 1330 in
1193 1261 1256 1331 mi·

135 1368 242 1440 nimis
267 1367 553 1463 tenuissimisque
577 1368 681 1440 rebus
697 1367 747 1439 ita
764 1366 855 1453 labi,
882 1376 921 1439 ut
938 1367 1015 1439 aliis
1027 1367 1258 1454 miserandus,

134 1478 212 1550 aliis
247 1478 446 1550 irridendus
482 1502 556 1551 esse
589 1476 771 1549 videatur?
820 1476 996 1572 Equidem
1021 1476 1259 1573 propinquum
1288 1499 1332 1551 170

135 1595 317 1673 nostrum,
342 1586 381 1660 P.
411 1588 594 1672 Crassum,
625 1582 743 1682 [illurn
768 1581 963 1682 Divitem]
993 1594 1026 1657 et
1040 1586 1161 1657 multis
1180 1585 1258 1657 aliis

133 1696 238 1769 rebus
276 1697 474 1793 elegantem
512 1696 690 1768 hominem
722 1704 755 1767 et
790 1703 974 1783 ornatum,
1012 1704 1048 1768 et
1073 1695 1258 1790 praecipue

132 1808 168 1878 in
203 1806 271 1879 hoc
309 1806 525 1879 efferendum
563 1814 596 1877 et
629 1804 845 1877 laudandum
871 1813 978 1901 puto,
1005 1805 1121 1899 quod,
1148 1827 1258 1899 quum

131 1916 169 1987 P.
198 1915 387 1988 Scaevolae
413 1916 519 1988 frater
544 1923 652 2001 esset,
680 1914 803 1987 solitus
825 1923 879 1985 est
899 1913 932 1985 ei
950 1937 1117 2009 persaepe
1130 1912 1256 1999 dicere,

131 2048 246 2121 neque
280 2025 381 2097 illum
417 2025 453 2096 in
490 2026 564 2097 iure
598 2023 692 2097 civili
718 2024 802 2130 spatis
828 2022 880 2094 illi
905 2022 972 2093 arti
997 2022 1109 2117 face-re
1134 2047 1255 2118 posse,

131 2135 196 2207 nisi
239 2134 378 2206 dicendi
420 2135 557 2231 copiam
594 2134 815 2207 assumsisset
852 2132 963 2228 (quod
998 2131 1141 2227 quidem
1176 2131 1255 2218 hic,

131 2244 191 2339 qui
229 2268 366 2316 mecum
405 2244 527 2317 consul
564 2243 651 2329 fuit,
687 2242 901 2327 filiuseius,
928 2250 981 2313 est
1011 2244 1255 2327 consecutus),

131 2376 246 2449 neque
282 2376 318 2425 se
353 2361 435 2425 ante
474 2376 595 2425 causas
629 2352 820 2425 amicorum
846 2357 995 2423 tractare
1018 2358 1125 2443 atque
1152 2373 1256 2445 agere

128 2462 304 2557 coepisse,
341 2486 447 2557 quam
484 2462 539 2534 ius
575 2462 674 2534 civile
709 2461 901 2533 didicisset.
954 2458 1053 2535 Quid
1088 2482 1167 2530 vero
1197 2458 1257 2531 ille
1283 2476 1326 2527 171

54 2562 58 2577 ’
131 2572 181 2643 Μ.
210 2571 328 2643 Cato?
354 2594 472 2643 nonne
498 2579 533 2643 et
558 2571 756 2666 eloquentia
781 2577 881 2643 tanta
897 2569 984 2655 fuit,
1011 2575 1178 2665 quantam
1195 2568 1256 2639 illa

129 2688 287 2778 tempora
312 2688 415 2778 atque
440 2680 501 2754 illa
526 2688 618 2754 aetas
643 2682 680 2753 in
706 2680 771 2753 hac
796 2680 933 2752 civitate
958 2678 1047 2750 ferre
1065 2677 1253 2751 maximam

129 3002 141 3054 ξ
162 2999 221 3047 348.
242 3025 276 3034 -
296 2997 383 3046 Statim
396 3001 453 3058 post
464 2997 553 3045 iterum
567 2997 665 3044 Indica·
713 2993 777 3043 inira
799 2997 812 3052 5
834 2995 898 3050 211,
913 2992 944 3040 P.
959 2991 1103 3051 metuam,
1113 2992 1254 3053 principem

127 3076 371 3134 tivusvindicandus,
386 3074 452 3136 quod
463 3073 664 3139 cruentaret),
713 3074 792 3122 tunm.
817 3073 855 3120 Ne
868 3071 950 3133 ipsum
963 3071 1063 3132 quidem
1076 3073 1104 3120 P.
1121 3071 1252 3128 Crassum,
1318 3117 1321 3125 ,

127 3155 218 3218 quippe
230 3155 302 3203 istam
313 3154 502 3216 explicationem
510 3167 561 3202 non
568 3152 667 3216 attingit
714 3151 756 3213 qui
768 3151 862 3213 primus
875 3148 965 3199 Divitis
978 3163 1117 3212 cognomen
1130 3149 1200 3206 tulit,
1218 3148 1253 3198 sic

127 3233 277 3282 consu-ustio
290 3231 391 3294 obliqua
404 3232 565 3294 reliquorum.
713 3231 824 3291 appellat
838 3229 925 3278 Cicero
938 3227 964 3274 in
978 3229 1055 3276 Bruto
1064 3232 1076 3286 ξ
1085 3226 1125 3285 77,
1133 3227 1251 3276 sutOrat.

127 3329 132 3339 ·
161 3314 217 3361 168.
236 3312 381 3371 dispuncta
400 3310 492 3359 diebus.
531 3312 665 3371 Perpetem
714 3309 864 3366 1115134.
880 3305 953 3355 Cori.
967 3305 1141 3364 infra,§2lti
1155 3310 1181 3353 et
1193 3307 1250 3356 239.

128 3389 251 3450 Kayserus
265 3404 279 3438 e
294 3389 374 3438 Codd.
388 3390 515 3438 revocavit
529 3390 555 3436 in
568 3389 613 3436 tis.
747 3401 825 3447 neque
843 3386 915 3432 illum
934 3385 961 3430 in
980 3383 1036 3431 inre
1055 3382 1121 3433 cirili
1136 3384 1200 3431 satis
1213 3384 1251 3430 tllr'

149 3468 397 3530 [Praetorisnrbaat]
414 3465 665 3530 Putidaediligentiae
713 3465 765 3512 aris*
780 3464 960 3524 facerepoase.
996 3461 1088 3510 Contra
1102 3460 1199 3508 Ernesti
1212 3460 1250 3508 iu·

127 3544 663 3608 additamentumprotinusabiiciendumest.
713 3542 803 3590 dicium
824 3541 921 3590 servavi
940 3537 1017 3588 verba
1035 3540 1073 3586 r'llr'
1093 3540 1153 3586 arti.
1194 3540 1251 3586 Mea

157 3626 179 3671 η’
198 3625 244 3672 tlte
268 3624 429 3687 [infitiaturp
463 3626 538 3673 Pron.
558 3624 600 3670 ille
613 3637 664 3671 non
711 3619 882 3681 interpretatio
895 3615 1029 3666 verborum
1043 3617 1106 3665 haec
1118 3621 1170 3673 est,
1185 3621 1214 3666 ut
1225 3617 1251 3665 in

125 3702 253 3768 indigebat
272 3702 315 3751 illa
334 3703 550 3765 interpretatione,
571 3703 596 3750 in
616 3716 664 3763 qua
712 3700 767 3746 iure
788 3699 854 3748 cirili
874 3696 906 3744 sit
925 3710 984 3757 pro,
1006 3710 1081 3756 quum
1103 3695 1251 3756 suscepisset

125 3783 302 3843 proprietatem
316 3782 390 3829 etiam
404 3781 525 3829 desidero.
712 3791 801 3826 munus
814 3774 982 3837 respondendi
989 3775 1021 3822 de
1027 3774 1089 3831 iure,
1102 3773 1251 3834 calefacere

159 3861 215 3910 17⁰.
234 3859 264 3908 P.
282 3860 412 3918 Crassum,
434 3860 516 3922 [illum
532 3857 662 3920 Divitem}
712 3861 793 3904 autem
822 3856 860 3903 tut
886 3854 939 3902 crit
959 3853 1055 3902 dicatur
1074 3867 1133 3914 pro,
1154 3857 1250 3901 tautum

125 3939 201 3988 Nemo
216 3935 663 4000 admonitus,puto,dubitsbit,quin
711 3934 794 3983 auxilii
807 3934 862 3982 aliis
874 3930 1009 3995 praebere,
1029 3936 1148 3992 quantum
1162 3929 1194 3980 ab
1207 3930 1250 3978 ills

124 4018 192 4066 iliam
214 4016 324 4066 Divitem
341 4017 490 4079 interpolata
506 4016 563 4065 sint.
598 4017 662 4064 Nus·
711 4018 763 4062 arte
776 4013 953 4074 postularetur.

125 4110 196 4156 quam
220 4111 235 4144 a
257 4097 377 4145 Cicerone
398 4096 455 4144 hnic
469 4097 497 4143 P.
514 4093 601 4142 Crasso
615 4093 663 4144 boe
747 4091 801 4140 171.
820 4091 863 4137 ille
877 4089 913 4138 M.
930 4090 999 4138 Cato.
1017 4088 1092 4148 Quod
1106 4089 1180 4136 Pron.
1195 4087 1247 4135 h.l.

123 4188 262 4238 cognomen
276 4175 334 4223 addi
349 4177 425 4232 solet,
446 4173 594 4234 minimeque
608 4187 661 4220 onr-
710 4173 777 4218 recte
795 4170 895 4230 ponitur
909 4182 966 4216 cum
981 4167 1081 4216 Catonis
1095 4166 1209 4224 nomine,
1223 4166 1249 4212 id

124 4253 191 4302 nium
206 4254 234 4300 h.
249 4255 268 4302 1.
282 4259 368 4315 aptum
383 4258 449 4309 erat,
472 4267 547 4313 quum
556 4252 661 4313 propin·
710 4249 762 4297 iure
776 4246 902 4296 sustulisse
912 4246 974 4294 mihi
986 4247 1073 4295 videor
1087 4246 1112 4292 in
1127 4246 1197 4292 Verr.
1212 4245 1246 4294 11.

123 4347 196 4392 qaam
218 4346 290 4380 suurn
307 4332 357 4381 iam
377 4333 526 4394 appellasset
546 4332 660 4388 Crassus,
710 4331 723 4385 t
737 4333 763 4384 5,
778 4327 809 4376 de
823 4341 872 4387 quo
883 4327 939 4376 loco
947 4324 1112 4374 dixiScholic.
1122 4325 1247 4384 Hypomn.
1340 4359 1343 4365 .

122 4424 168 4459 nec
182 4411 326 4474 cognomini
339 4412 418 4460 soleat
430 4410 553 4472 praemitti
565 4412 660 4459 Prono·
710 4407 753 4454 [V.
766 4422 790 4467 p.
808 4407 864 4454 195.

122 4488 564 4550 ment1n=rednequeinfra,§231,
579 4503 659 4549 neque
743 4486 814 4533 idem.
824 4485 868 4532 loc
880 4497 975 4544 seraper
989 4483 1028 4529 tus
1041 4481 1111 4529 civile
1124 4482 1248 4540 contemp·

121 4566 156 4613 11.
178 4571 191 4624 ξ
215 4570 261 4616 284
284 4580 424 4630 cognomen
446 4566 557 4630 ponitur,
580 4581 659 4627 neque
708 4566 750 4612 ait.
786 4565 909 4623 Kayserus
930 4560 1006 4610 verba
1028 4561 1066 4606 ins
1084 4559 1154 4608 civile
1167 4557 1250 4620 spuria
