3242 5500
374 530 443 597 332
703 546 816 594 arana
843 547 1011 596 ruamus
1040 529 1057 609 §
1086 529 1167 598 132.

372 745 458 792 nurn
476 719 568 814 ipsas
586 719 719 804 literas,
736 717 974 814 Aristophane
992 727 1053 790 aut
1072 719 1285 794 Callimacho
1303 728 1498 806 tractante,

371 839 445 902 tam
477 829 667 923 discerptas
691 828 818 912 fuisse,
845 836 885 899 ut
907 852 1010 899 nemo
1035 853 1148 924 genus
1173 829 1378 900 universum
1402 855 1497 902 com-

371 940 601 1034 plecteretur,
635 945 741 1032 atque
777 946 815 1007 ut
843 936 933 1008 alius
958 936 1062 1009 aliam
1086 937 1154 1009 sibi
1178 946 1336 1032 partem,
1363 939 1401 1008 in
1428 963 1499 1034 qua

267 1069 346 1117 ’166
371 1047 581 1132 elaboraret,
621 1048 826 1142 seponeret?
874 1046 1050 1141 Equidem
1086 1071 1188 1142 saepe
1217 1046 1282 1118 hoo
1307 1048 1429 1119 audivi
1453 1049 1499 1120 de

370 1166 469 1252 patre
504 1163 539 1228 61
564 1156 608 1227 (16
633 1180 749 1227 socero
771 1179 870 1240 mec,
897 1163 1034 1228 nostros
1058 1180 1199 1252 quoque
1224 1155 1408 1242 homines,
1436 1157 1498 1252 qui

370 1266 537 1339 excellere
562 1265 751 1360 sapientiae
774 1265 886 1360 gloria
901 1264 1051 1351 vellent,
1078 1266 1215 1350 omnia,
1243 1289 1333 1360 quae
1351 1266 1498 1361 quidem

370 1385 447 1449 tum
482 1374 566 1447 haec
602 1375 721 1446 civitas
758 1381 895 1460 nosset,
923 1374 1043 1446 solitos
1069 1399 1144 1447 esse
1169 1374 1366 1470 complecti.
1420 1375 1497 1447 Me-

370 1486 545 1557 minerant
567 1485 618 1555 illi
644 1484 722 1554 Sex.
742 1482 905 1570 Aelium,
932 1481 984 1556 M'
1003 1508 1083 1555 vero
1101 1484 1290 1556 Manilium
1309 1508 1374 1557 nos
1392 1485 1497 1557 etiam

370 1594 522 1666 vidimus
560 1601 755 1665 transverso
792 1591 1030 1664 ambulantem
1066 1593 1160 1678 fore,
1197 1592 1293 1687 quod
1331 1603 1405 1666 erat
1444 1598 1497 1665 in-

372 1704 491 1798 signe,
519 1728 620 1788 eum,
647 1703 708 1798 qui
727 1703 763 1774 id
780 1702 929 1787 faceret,
956 1702 1067 1774 facere
1085 1702 1220 1774 civibus
1238 1703 1310 1774 suis
1329 1702 1497 1775 omnibus

371 1813 507 1894 consilii
542 1813 596 1884 sui
630 1812 785 1907 copiam:
824 1811 869 1882 ad
896 1835 984 1905 quos
1006 1811 1091 1882 olim
1114 1820 1148 1883 et
1172 1813 1220 1882 ita
1249 1811 1495 1898 ambulantes,

370 1930 403 1993 et
438 1922 474 1993 in
498 1921 584 1992 solio
607 1920 768 1992 sedentes
792 1920 908 2005 dorni,
935 1920 984 1991 sio
1008 1919 1190 2006 adibatur,
1218 1945 1288 1992 non
1314 1921 1432 1993 solum
1457 1931 1496 1993 ut

372 2031 415 2103 dc
445 2031 520 2101 iure
542 2029 635 2102 civili
657 2029 702 2100 ad
727 2045 805 2115 eos,
832 2030 1078 2100 verumetiam
1104 2030 1148 2102 dc
1173 2030 1245 2102 filia
1270 2030 1495 2116 collocanda,

264 2143 266 2147 ’
372 2140 415 2211 de
452 2138 563 2211 fundo
591 2137 758 2223 ernaudo,
785 2138 829 2209 de
854 2162 937 2233 agro
961 2137 1126 2224 colende,
1154 2137 1197 2210 de
1219 2141 1316 2211 omni
1341 2141 1496 2236 denique

301 2280 347 2327 161
372 2259 434 2320 661
457 2249 590 2333 officio,
616 2258 675 2319 aut
698 2247 838 2342 negotio
863 2247 1060 2319 referretur.
1112 2247 1210 2320 Haec
1228 2248 1297 2320 l'uit
1314 2248 1355 2321 P.
1378 2250 1496 2322 Crassi

371 2359 467 2431 illius
497 2357 642 2443 veteris,
682 2357 766 2429 haec
791 2357 831 2428 Τ.
860 2357 1092 2442 Coruncanii,
1119 2357 1204 2430 baec
1229 2359 1349 2452 proavi
1374 2361 1496 2454 generi

371 2469 461 2554 mei,
489 2467 681 2563 Scipionis,
707 2466 975 2562 prudentissimi
998 2465 1171 2551 hominis,
1198 2467 1373 2562 sapientia
1397 2463 1496 2564 [,qui

370 2601 492 2648 omnes
514 2577 697 2672 pontifices
721 2575 866 2646 maximi
889 2570 1070 2669 fuerunt]‚
1098 2584 1137 2647 ut
1162 2574 1206 2646 ad
1230 2600 1288 2647 eos
1314 2577 1359 2648 de
1383 2579 1494 2649 omni·

373 2688 438 2761 bus
471 2686 599 2759 divinis
634 2693 740 2781 atque
769 2683 940 2757 humanis·
956 2683 1060 2757 rebus
1085 2685 1287 2759 referretur:
1316 2686 1495 2785 iidemque

371 2808 405 2870 et
440 2798 484 2868 in
515 2805 659 2880 senatu,
697 2803 732 2867 et
769 2794 865 2889 apud
889 2794 1082 2890 populum,
1110 2803 1142 2867 61
1168 2796 1341 2868 incausis
1366 2798 1493 2869 amico·

370 2932 471 2991 rum,
510 2913 543 2977 61
580 2905 705 2990 domi,
734 2912 769 2975 et
805 2904 950 2975 militiae
982 2904 1168 2976 consilium
1191 2930 1295 2977 suum
1317 2906 1493 3002 fidemque

333 3065 342 3080 -
370 3015 605 3111 praestabant.
670 3013 768 3090 Quid
810 3008 938 3109 [enim]
984 3011 1032 3085 M.
1070 3010 1195 3087 Catoni
1232 3025 1371 3110 praeter
1406 3016 1493 3087 hano

370 3126 616 3221 politissimam
635 3123 831 3196 doctrinam
855 3122 1124 3194 transmarinam
1141 3130 1247 3219 atque
1264 3124 1491 3196 adventitiam

371 3234 508 3305 defuit?
533 3258 639 3317 num,
666 3233 748 3328 quia
777 3232 832 3303 ius
857 3231 957 3303 civile
982 3231 1171 3317 didicerat,
1198 3256 1320 3304 causas
1347 3258 1418 3305 non
1440 3234 1488 3304 di·

370 3342 496 3415 cebat?
535 3350 613 3428 aut,
636 3342 719 3437 quia
742 3347 878 3437 poterat
904 3340 1038 3435 dicere,
1066 3340 1152 3413 iuris
1176 3341 1357 3414 scientiam
1381 3342 1487 3437 negli-

369 3452 501 3548 gebat?
537 3460 686 3546 utroque
721 3451 756 3522 in
790 3474 918 3544 genere
941 3459 976 3522 61
1001 3448 1208 3536 elaboravit,
1240 3459 1275 3524 et
1299 3452 1483 3547 praestitit:

371 3588 456 3634 num
492 3569 632 3658 propter
665 3560 755 3631 hanc
792 3584 835 3630 ex
868 3558 1082 3654 privatorum
1118 3559 1269 3653 negotiis
1311 3561 1483 3633 collectam

404 3872 459 3918 133.
478 3866 791 3929 quiescerem-verrent.
809 3865 903 3913 Eodem
989 3866 1044 3913 134.
1070 3867 1126 3927 [qai
1146 3878 1226 3913 666666
1238 3868 1372 3929 pontifices
1390 3866 1479 3914 maximi

368 3948 443 3995 modo
457 3947 565 4007 loquitur
577 3945 655 4000 infra,
673 3948 684 4001 §
701 3945 756 3990 llo.
947 3942 1082 4003 fuerunt}
1114 3943 1248 3992 Manifesta
1265 3944 1328 3993 haec
1342 3951 1398 3993 sunt
1410 3943 1477 3993 seduli

402 4027 432 4073 de
445 4040 505 4089 apro
519 4023 626 4073 colendo.
651 4024 706 4070 Non
716 4027 789 4083 puto,
804 4022 903 4069 Aelium
953 4021 1112 4069 annotatoris.

367 4110 410 4153 aut
427 4103 557 4152 Manilium
579 4101 673 4149 consuli
687 4100 772 4148 solitos
784 4100 860 4148 fnisse
874 4101 904 4147 de
988 4101 1044 4147 135.
1063 4100 1124 4161 qaid
1142 4100 1230 4161 [enim]
1248 4100 1284 4147 M.
1302 4102 1386 4149 Catoni
1398 4127 1428 4135 -
1439 4100 1474 4145 de·

366 4197 426 4248 apro
439 4181 549 4238 6616666,
573 4194 646 4241 quam
660 4183 737 4227 artem
752 4179 792 4225 vel
805 4178 852 4239 ipsi
865 4184 902 4225 te·
947 4177 1023 4237 fcit?
1058 4178 1213 4225 includenda
1234 4186 1302 4235 erat,
1325 4179 1475 4237 6116161666-

366 4261 471 4316 nebant‚
493 4261 534 4308 vel
553 4259 639 4306 villico
653 4255 840 4305 committebant
853 4258 903 4304 Ro·
953 4255 1015 4303 stiva
1034 4256 1141 4313 inserta,
1157 4256 1229 4305 Coni.
1248 4258 1322 4304 enim.
1358 4256 1476 4306 Continuat

367 4340 444 4388 muni:
459 4338 525 4388 conf.
542 4338 562 4385 Ι.
579 4339 657 4395 5249.
674 4336 762 4392 Video,
776 4334 903 4383 illaverba
952 4334 1163 4382 enumerationem
1181 4334 1281 4382 illorum
1296 4341 1413 4383 veterum.

366 4419 391 4466 in
412 4417 538 4465 nonnullis
559 4414 626 4463 libris
641 4414 730 4463 omitti:
745 4419 838 4469 tamen,
853 4413 904 4460 leni
985 4412 1048 4459 iuris
1067 4414 1196 4460 erientiam
1214 4415 1359 4477 neyliyebat.
1392 4415 1476 4463 Sivera

366 4496 518 4544 correctione
532 4495 613 4555 potius
627 4491 751 4548 adbibita,
769 4492 902 4553 legendnm
953 4494 1015 4547 sunt,
1032 4506 1094 4551 qnae
1109 4492 1216 4540 Scholie.
1234 4492 1475 4554 llypomn.V.p.32l

366 4575 425 4621 ruilri
439 4575 549 4631 videtur,
565 4572 595 4617 dr
608 4586 680 4631 opero
694 4572 802 4620 locando.
953 4568 1089 4629 disputavi,
1106 4585 1155 4617 non
1171 4570 1237 4618 nude
1252 4572 1304 4628 iar,
1320 4572 1363 4619 sed
1371 4574 1476 4631 perpetuo
