3242 5500
388 558 458 629 276
732 581 844 631 arnna
870 579 1040 628 raucius.
1069 562 1088 641 ἓ
1116 561 1173 629 13.

389 749 518 846 quibus
541 756 623 823 ante
649 752 743 838 dixi,
780 760 817 825 et
840 776 900 836 ea,
927 775 1017 847 quae
1040 759 1179 824 nosmet
1202 752 1270 847 ipsi
1292 749 1339 822 ob
1364 774 1502 822 amorem

389 864 427 931 in
461 883 535 932 rem
571 860 749 957 publicam
786 859 1007 932 incredibilia
1030 870 1067 933 et
1091 861 1286 955 singularia
1307 860 1503 955 pertulimus

390 994 430 1041 ac
452 971 647 1057 sensimus,
674 970 864 1067 cogitanti,
891 971 1066 1043 sententia
1090 994 1193 1066 saepe
1215 979 1277 1042 tua
1299 993 1380 1041 vera
1405 994 1446 1041 ac
1462 993 1502 1041 sa·

391 1078 491 1173 piens
524 1079 635 1152 videri
667 1080 777 1165 solet,
816 1079 878 1176 qui
903 1087 1047 1175 propter
1069 1088 1144 1165 tot,
1170 1087 1289 1151 tantos
1322 1088 1397 1151 tam
1419 1103 1502 1175 prae·

391 1188 583 1284 cipitesque
606 1213 707 1262 casus
727 1188 1000 1262 clarissimorum
1029 1188 1215 1261 hominum
1237 1196 1345 1283 atque
1367 1188 1502 1283 optimo·

392 1322 480 1368 rum¹
494 1297 646 1370 virorum
671 1322 727 1370 me
753 1322 891 1395 semper
913 1297 957 1369 ab
981 1298 1079 1370 omni
1104 1298 1329 1371 contentione
1353 1322 1395 1369 ac
1415 1297 1502 1369 dimi-

339 1434 367 1478 rr
392 1406 528 1479 catione
561 1408 741 1480 revocasti.
806 1407 896 1492 Sed,
935 1408 1102 1503 quoniam
1140 1407 1225 1479 haec
1253 1407 1324 1479 iam
1347 1407 1503 1502 nequein

392 1515 529 1609 integro
563 1516 665 1589 nobis
703 1541 778 1589 esse
815 1525 984 1612 possunt,
1023 1523 1058 1589 et
1090 1517 1221 1589 summi
1253 1514 1389 1588 labores
1410 1515 1504 1587 nostri

393 1648 520 1719 magna
554 1626 771 1721 compensati
805 1626 916 1719 gloria
939 1625 1169 1721 mitigantur,
1196 1647 1385 1721 pergamus
1412 1625 1454 1697 ad
1474 1649 1504 1695 ea

393 1735 538 1820 solatia,
566 1760 655 1831 quae
680 1734 881 1819 noumodo
905 1734 1036 1809 sedatis
1063 1735 1235 1807 molestiis
1257 1734 1434 1821 iucunda,
1456 1732 1504 1805 sed

392 1844 498 1916 etiam
534 1844 759 1917 haerentibus
795 1844 960 1917 salutaria
993 1844 1096 1917 nobis
1133 1869 1209 1917 esse
1245 1853 1417 1939 possunt3
1448 1867 1503 1915 ser-

392 1977 601 2048 monemque
622 1953 663 2026 L.
690 1953 808 2025 Crassi
832 1954 1007 2049 reliquum
1030 1979 1069 2027 ac
1090 1978 1201 2051 paene
1217 1964 1435 2049 postremum
1445 1977 1504 2023 me-

392 2062 520 2134 moriae
552 2063 759 2159 prodamus;
786 2071 893 2158 atque
917 2064 970 2149 ei,
996 2064 1062 2135 etsi
1086 2087 1311 2159 nequaquam
1335 2086 1453 2159 parem
1473 2062 1504 2131 il·

391 2172 459 2243 lius
487 2172 652 2265 ingenia,
677 2180 713 2244 at
736 2198 799 2267 pro
825 2182 947 2245 nostro
971 2180 1089 2245 tamen
1114 2172 1233 2244 studio
1253 2173 1419 2245 meritam
1440 2196 1503 2267 gra·

337 2318 365 2360 15
390 2282 476 2353 tiam
517 2280 744 2376 debitamque
785 2282 987 2355 referamus.
1038 2283 1164 2378 Neque
1201 2283 1296 2353 enim
1331 2285 1503 2379 quisquam
1595 2277 1596 2306 ³

391 2400 567 2476 nostrum,
594 2415 706 2486 quum
724 2390 832 2463 libros
849 2390 1008 2464 Platonis
1025 2390 1233 2463 mirabiliter
1251 2391 1405 2487 scriptos
1421 2391 1504 2485 legit,

392 2501 428 2570 in
469 2499 598 2595 quibus
645 2496 844 2595 [omnibus]
887 2501 960 2574 fore
983 2501 1141 2574 Socrates
1165 2500 1398 2596 exprimitur,
1423 2524 1502 2582 non,
1595 2541 1596 2550 κ

391 2632 606 2704 quamquam
645 2610 705 2683 illa
741 2612 870 2706 scripta
902 2619 986 2682 sunt
1021 2611 1212 2696 divinitus,
1251 2619 1371 2683 tamen
1409 2610 1504 2682 maius
1595 2631 1596 2662 r

391 2717 561 2812 quiddam
601 2720 644 2792 de
685 2719 766 2806 illc,
809 2720 853 2792 de
889 2745 959 2816 quo
995 2720 1124 2817 scripta
1156 2729 1260 2806 sunt,
1300 2721 1503 2817 suspicatur:

390 2829 486 2924 quod
522 2830 616 2930 item
644 2853 708 2901 nos
742 2830 985 2926 postulamus,
1021 2855 1092 2902 non
1128 2855 1149 2902 a
1181 2838 1218 2903 ta
1253 2830 1419 2925 quidem,
1454 2828 1505 2924 qui

389 2938 492 3010 nobis
526 2939 644 3011 omnia
679 2962 817 3011 summa
850 2930 998 3026 tribuis,
1035 2939 1098 3011 sed
1131 2941 1325 3026 acetaria,
1352 2941 1414 3036 qui
1434 2939 1505 3010 haec

390 3047 427 3118 in
462 3072 587 3120 manus
625 3059 784 3134 sument,
821 3049 934 3121 maius
969 3057 1010 3121 ut
1042 3049 1212 3145 quiddam
1235 3050 1280 3121 de
1303 3048 1345 3122 L.
1374 3049 1504 3131 Crasso,

337 3183 366 3228 re
391 3182 497 3252 quam
519 3164 692 3253 quantum
717 3183 737 3230 a
763 3158 865 3231 nobis
891 3159 1129 3256 exprimetur,
1157 3159 1393 3254 suspicentur.
1442 3159 1505 3228 Nos

392 3269 505 3352 enim,
542 3268 604 3363 qui
633 3267 701 3364 ipsi
727 3269 878 3341 sermoni
902 3293 974 3341 non
999 3269 1305 3355 interfuissemus,
1332 3267 1504 3364 atquibus

392 3376 432 3448 Ο,
469 3377 573 3449 Cotta
601 3379 847 3451 tantummodo
872 3379 966 3451 locos
991 3404 1031 3450 ae
1054 3379 1244 3451 sententias
1267 3378 1373 3450 huius
1397 3377 1504 3472 dispu-
1594 3388 1595 3393 ’

391 3486 535 3560 tationis
573 3487 794 3574 tradidisset,
832 3489 962 3584 quoin
986 3488 1304 3584 genereorationis
1330 3496 1505 3582 utrumqne

393 3662 498 3672 ———-.

390 3768 447 3803 vera
466 3781 500 3789 -
518 3755 597 3802 videri
612 3756 683 3801 solet.
717 3754 834 3814 Ineptum
846 3755 929 3800 locum
979 3752 1046 3812 quod
1066 3752 1129 3800 adeo
1142 3752 1228 3813 putide
1241 3752 1505 3814 etinaptcadiunctnm
1593 3770 1594 3797 2

389 3832 416 3880 in
434 3833 668 3894 hisoccupatAdv.
682 3844 762 3891 saepe.
796 3831 928 3893 Suspicor,
978 3836 1024 3879 ast.
1593 3828 1594 3883 ζ

390 3911 497 3973 legenda
516 3911 578 3959 haec
599 3925 651 3960 esse
672 3910 721 3958 hoe
738 3909 838 3967 ordine,
858 3923 930 3970 caepe
1012 3910 1055 3969 qai
1069 3909 1232 3957 autumate
1243 3924 1339 3958 camma
1347 3910 1442 3957 tribub.
1458 3909 1507 3956 Non
1593 3958 1594 3983 ,

390 3989 524 4052 capitanii,
539 3990 662 4037 sententia
676 3991 761 4036 tua-.
978 3987 1227 4045 concedoPideritio,
1243 3988 1306 4036 haec
1312 3988 1431 4037 iocantem
1438 3987 1506 4046 scrip
1593 3988 1594 4037 ξ

426 4069 464 4114 14.
482 4069 570 4114 summi
594 4067 696 4115 atores.
738 4066 841 4123 Melius,
862 4071 929 4114 certe
978 4066 1037 4114 sisse
1052 4066 1213 4124 Ciceronem,
1229 4067 1299 4126 quasi
1312 4067 1347 4114 nil
1359 4065 1407 4113 nisi
1418 4064 1505 4128 periec-
1593 4084 1594 4123 q

389 4145 513 4203 usitatius,
528 4146 582 4204 erit,
596 4146 699 4194 maatmt
713 4145 819 4201 laborer,
833 4144 874 4204 qui
882 4145 927 4193 Su·
977 4149 1030 4192 tum
1050 4142 1083 4192 ab
1103 4159 1132 4193 ao
1146 4150 1302 4206 exspectaret
1315 4144 1418 4202 antus
1430 4144 1506 4192 frater.

389 4219 524 4285 perlativus
544 4226 595 4274 fieri
613 4228 695 4286 potest
709 4229 736 4272 ut
748 4224 774 4271 in
786 4224 859 4271 illum
872 4237 927 4271 cor·
979 4224 1034 4270 Non
1067 4221 1124 4271 ideo
1157 4237 1172 4271 a
1198 4223 1276 4272 fratre
1304 4221 1454 4285 postulabat,
1483 4226 1507 4268 ut

388 4311 476 4364 ruptus
489 4303 572 4352 irrerit.
977 4300 1056 4349 mains
1069 4301 1187 4362 quiddam
1201 4303 1233 4351 de
1248 4304 1336 4351 Crasso
1342 4301 1506 4362 suspicaretur,

425 4384 464 4429 15.
482 4382 638 4429 mirabiliter.
657 4378 805 4436 Praestabit,
818 4380 927 4426 admira·
978 4380 1044 4439 quod
1063 4380 1085 4428 is
1104 4379 1188 4428 omnia
1204 4396 1301 4428 summa
1312 4378 1431 4429 tribueret
1443 4380 1506 4428 Cice·

389 4459 481 4508 uiliter.
516 4461 589 4509 Coris.
604 4463 688 4508 notata
702 4459 734 4506 ad
748 4463 761 4517 5
775 4459 817 4506 26.
977 4458 1043 4505 roni:
1072 4458 1132 4518 quid
1151 4459 1217 4506 enim
1237 4459 1303 4506 istud
1324 4457 1354 4506 ad
1374 4460 1443 4506 rem?
1468 4457 1506 4506 aad
1592 4468 1593 4513 j

423 4540 450 4584 ic
463 4541 550 4600 quibua
562 4537 707 4601 [ematurat
725 4539 861 4584 Multorum
869 4549 927 4582 auc·
976 4537 1046 4592 ideo,
1061 4537 1129 4597 quod
1142 4537 1250 4594 Quintus
1263 4539 1316 4598 ipse
1326 4537 1408 4585 omnia
1419 4551 1506 4585 snmus
1592 4532 1593 4581 l

388 4615 486 4664 toritate
499 4616 619 4665 librorum
633 4616 796 4665 omittendum
810 4615 927 4670 munibus,
976 4613 1096 4664 tribuerat
1117 4616 1214 4664 Crasso.
1257 4616 1321 4664 Hinc
1338 4615 1504 4677 corrigendum
1592 4620 1593 4659 l
