3242 5500
371 518 441 589 104
711 541 824 589 aranu
850 542 1001 592 narnus.
1028 526 1047 605 §
1072 524 1155 594 237.
1202 573 1209 586 ·

369 718 507 797 rantur,
544 718 604 783 aut
641 736 697 797 ea,
733 736 824 808 quae
859 714 1012 786 maxima
1047 720 1164 786 essent
1199 712 1237 783 in
1273 712 1349 783 iure
1378 712 1490 796 civili,

369 828 516 893 tractare
533 820 703 893 auderent
727 820 764 893 in
789 822 924 910 cancie,
951 847 1061 918 quum
1086 847 1126 895 ea
1154 816 1360 917 [nescirent]
1385 845 1491 892 num-

370 953 477 1026 quam
504 929 710 1003 didicissent
716 963 725 1017 ;
752 931 936 1028 utriusque
963 932 1015 1006 rei
1044 932 1154 1005 facilis
1184 938 1237 1002 est
1266 938 1300 1002 et
1329 937 1489 1026 prompta

370 1038 537 1111 defensio
591 1040 683 1113 Nam
713 1064 829 1136 neque
857 1040 948 1114 illud
976 1049 1028 1115 est
1056 1041 1278 1125 mirandum,
1304 1040 1385 1135 qui,
1412 1038 1488 1135 qui-

370 1147 437 1221 bus
460 1147 575 1221 verbis
599 1148 746 1223 coemtio
763 1150 845 1236 fiat,
870 1150 1020 1237 nesciat,
1047 1149 1199 1223 eundem
1216 1149 1293 1221 eius
1312 1146 1489 1232 mulieris,

370 1282 460 1354 quae
483 1258 713 1331 coemtionem
736 1258 874 1345 lecerit,
899 1284 1039 1331 causam
1064 1283 1166 1356 posse
1178 1257 1381 1331 defendere:
1409 1280 1489 1341 nec,

371 1367 400 1439 si
436 1366 533 1463 parvi
567 1367 699 1462 navigii
736 1376 771 1440 ct
804 1368 925 1463 magni
956 1368 1078 1440 eadem
1109 1367 1229 1441 estin
1259 1364 1491 1461 gubernando

371 1476 530 1563 scientia,
556 1476 684 1549 idcirco
708 1477 787 1572 qui,
814 1475 946 1571 quibus
969 1475 1083 1549 verbis
1108 1476 1266 1549 heretum
1287 1476 1371 1549 cieri
1391 1499 1490 1570 opor·

279 1658 282 1666 ,
371 1594 459 1672 teat,
486 1584 634 1671 nesciat,
662 1585 756 1659 idem
780 1584 1030 1659 herciscundae
1054 1562 1371 1658 familia-domnam
1389 1608 1492 1678 agere

300 1716 347 1763 aaa
372 1718 442 1767 non
456 1695 576 1790 possit.
628 1695 721 1767 Nam
741 1695 838 1791 quod
849 1696 1020 1769 maximas
1033 1694 1302 1768 centumvirales
1314 1717 1441 1765 causas
1455 1693 1489 1764 in

371 1804 447 1877 iure
466 1804 598 1900 positas
623 1804 816 1899 protulisti3
842 1830 932 1901 quae
955 1805 1098 1877 tandem
1118 1829 1237 1876 earum
1252 1797 1389 1898 [causa]
1406 1802 1490 1886 luit,

372 1938 461 2010 quae
474 1912 518 1985 ab
531 1912 673 1985 homine
685 1913 881 2010 eloquenti,
896 1913 983 1986 iuris
996 1914 1172 2010 imperito,
1186 1937 1258 1984 non
1270 1911 1493 1984 ornatissime

372 2021 526 2120 potuerit
551 2022 637 2109 dici;
671 2022 800 2119 quibus
826 2023 970 2119 quidem
993 2024 1031 2095 in
1055 2022 1169 2097 causis
1193 2022 1375 2106 omnibus,
1405 2020 1494 2093 sicut

372 2132 409 2205 in
439 2132 515 2228 ipsa
545 2130 595 2206 Μ’
625 2132 739 2219 Curii,
772 2157 862 2228 quae
893 2131 956 2205 abs
983 2140 1019 2204 te
1046 2156 1158 2228 nuper
1181 2139 1235 2205 est
1260 2130 1368 2216 dicta,
1396 2130 1491 2200 etin

374 2241 414 2313 C.
446 2240 593 2314 Hostilii
623 2240 782 2315 Mancini
806 2241 1056 2327 controversia,
1087 2249 1193 2337 atquc
1221 2240 1259 2311 in
1290 2263 1331 2311 eo
1366 2262 1494 2334 puero,

373 2350 435 2447 qui
459 2375 502 2423 ex
526 2350 633 2425 altera
656 2360 761 2425 natus
786 2360 858 2423 erat
881 2375 1007 2436 uxore,
1033 2375 1104 2423 non
1122 2350 1269 2422 remisso
1286 2348 1415 2421 nuntio
1438 2372 1493 2420 su·

372 2460 517 2555 pariari,
548 2460 616 2533 fuit
640 2462 730 2534 inter
753 2460 982 2556 peritissimos
1006 2459 1167 2532 homines
1190 2482 1327 2531 summa
1351 2457 1398 2529 de
1421 2457 1495 2529 inre

301 2592 347 2640 aar
373 2569 555 2643 dissensio,
609 2570 749 2647 Quaero
777 2570 907 2665 igitur,
938 2569 1026 2666 quid
1054 2568 1227 2641 adiuverit
1255 2575 1432 2640 oratorem
1456 2565 1492 2636 in

373 2678 428 2753 his
455 2678 568 2754 causis
591 2678 677 2753 iuris
695 2680 857 2766 scientia,
888 2703 1000 2775 quum
1024 2678 1081 2752 hic
1094 2678 1180 2754 iuris
1193 2676 1375 2750 consultus
1391 2699 1493 2773 supc-

373 2788 443 2865 rior
465 2789 570 2862 fuerit
594 2789 827 2875 discessurus,
854 2789 915 2885 qui
939 2797 1029 2864 esset
1053 2813 1124 2862 non
1150 2812 1213 2860 suo
1237 2785 1386 2858 artificio
1438 2785 1497 2857 sed

374 2899 487 2971 alieno
516 2895 597 2994 [hoc
621 2907 690 2985 est,
717 2923 787 2971 non
812 2899 899 2974 iuris
924 2899 1086 2984 scientia,
1113 2897 1175 2972 sed
1201 2845 1496 3077 eloquentirgsus·

373 3003 559 3104 tentatus}
586 3007 761 3105 Equidem
785 3007 853 3080 hoc
878 3032 979 3103 saepe
991 3007 1127 3093 audivi,
1154 3031 1264 3102 quum
1282 3003 1387 3079 aedili
1428 3012 1497 3076 tem

374 3117 414 3190 P.
442 3118 587 3192 Crassus
612 3125 764 3214 peteret,
791 3141 943 3213 eumque
967 3117 1077 3190 maiar
1101 3124 1207 3202 natu,
1234 3123 1269 3189 et
1287 3115 1357 3190 iam
1369 3138 1496 3187 consu-

375 3395 428 3456 Ego
448 3406 540 3454 paucos
560 3392 620 3440 alios
641 3395 738 3440 secutus
752 3405 823 3450 sum,
841 3392 910 3439 dam·
942 3391 1041 3457 periit.
1064 3388 1280 3449 Quemadmodum
1293 3388 1498 3450 hucusquetotus

374 3476 448 3531 neto,
475 3471 542 3532 quod
567 3485 613 3532 per
633 3484 742 3519 errorem
761 3470 910 3532 irrepserat,
959 3471 1029 3517 locus
1043 3468 1123 3516 editus
1137 3471 1188 3525 est,
1202 3467 1250 3515 hoc
1258 3466 1356 3524 dicitur,
1370 3467 1498 3516 hominem

374 3551 512 3608 necarent,
532 3549 619 3612 putide
631 3549 738 3610 primum
750 3549 866 3597 iteratum
880 3562 911 3596 cx
959 3549 1133 3609 eloquentem,
1153 3545 1212 3593 iuris
1231 3545 1389 3607 imperitum,
1413 3560 1498 3594 causas

373 3628 486 3678 anteced.
501 3626 589 3692 (quum
591 3641 672 3688 parca
679 3625 829 3690 nescirent),
842 3631 909 3683 turn,
958 3625 1014 3674 illas
1033 3624 1187 3674 ornatissime
1200 3624 1308 3685 potuisse
1321 3623 1423 3682 dicere,
1437 3639 1497 3685 qno·

374 3707 483 3758 eiusdem
504 3707 639 3755 sententiae
660 3719 689 3754 ac
709 3719 758 3754 non
777 3704 908 3753 didicisse:
959 3705 1026 3752 niam
1045 3703 1132 3751 fuisset
1150 3703 1215 3751 inter
1228 3701 1388 3764 peritissimos
1401 3716 1499 3750 summe

374 3786 440 3836 conf.
456 3789 468 3844 §
486 3784 548 3842 174,
562 3782 605 3832 ubi
618 3785 705 3832 rudem
718 3798 782 3842 ease,
796 3784 813 3831 i.
828 3798 850 3831 e.
865 3797 909 3830 ne·
960 3783 992 3832 de
1003 3783 1058 3830 iure
1070 3781 1203 3830 dissensio:
1225 3786 1326 3839 contre,
1341 3779 1389 3828 hoc
1402 3781 1497 3846 voluit,

374 3865 451 3922 scire,
473 3869 498 3912 et
517 3862 632 3911 didicisse
650 3862 715 3912 inter
732 3876 759 3910 se
777 3876 909 3924 opponun·
959 3876 991 3910 ex
1002 3861 1046 3908 illa
1059 3859 1358 3921 dissencioneperitornm
1365 3858 1497 3920 consequi,

373 3947 422 3993 tur.
959 3941 1029 3987 nullo
1043 3939 1186 3986 adiumento
1199 3937 1291 3986 oratori
1300 3937 1498 3987 futuremfuisee

407 4023 465 4070 238.
490 4034 551 4082 quae
578 4019 677 4067 taudem
702 4033 786 4067 aarum
808 4020 908 4080 [ecura]
957 4017 1018 4066 iuris
1037 4016 1173 4066 scientiam.
1207 4015 1368 4067 Restitnendn
1388 4020 1498 4064 estvm

367 4100 434 4160 fait.
470 4098 560 4148 Merito
575 4098 698 4158 Kayserus
712 4113 786 4147 caasa
797 4098 908 4146 inclusit:
957 4096 1032 4144 lectio
1052 4095 1128 4143 haec:
1150 4095 1238 4156 quibus
1259 4095 1357 4155 quidem
1377 4095 1405 4140 iu
1418 4095 1499 4143 eam

372 4179 452 4228 voluit
465 4179 626 4239 interpolator
641 4191 783 4234 cumarum,
801 4176 846 4224 sed
859 4190 910 4224 non
958 4175 1082 4231 munitur,
1103 4175 1141 4232 ri,
1160 4176 1189 4221 at
1201 4175 1228 4221 in
1240 4175 1295 4232 ipsa
1307 4198 1342 4228 -‚
1355 4173 1445 4227 cantio
1456 4185 1496 4218 m·

373 4273 435 4320 opus
449 4262 510 4306 erat.
953 4252 1134 4314 pericri,foit
1146 4253 1214 4300 inter
1221 4250 1497 4312 peritissimos-dis-

406 4337 493 4398 quibes
507 4335 603 4398 quidem
615 4334 643 4380 in
656 4336 737 4383 causis
748 4333 858 4382 omnibus
866 4357 909 4381 —-.
957 4332 1046 4384 nmio.
1061 4345 1151 4392 quaero
1169 4330 1288 4394 [ipitur‘L
1303 4331 1366 4391 quid
1374 4329 1497 4379 adiecerit

373 4419 484 4480 Apparet
497 4414 633 4464 Antonium
647 4414 681 4461 sic
696 4414 721 4460 in
729 4427 822 4476 genere
828 4412 909 4472 loqui,
958 4411 1082 4459 oratorem
1098 4411 1137 4471 [tn
1150 4411 1189 4456 ite
1201 4409 1294 4469 much]
1308 4409 1374 4455 iuria
1382 4409 1497 4464 retentio,

373 4496 455 4556 itaque
468 4493 623 4555 moxinepte
637 4491 724 4540 subiici
737 4491 908 4539 iuliacense.
959 4504 1033 4552 qaum
1046 4489 1163 4535 dicioris
1176 4490 1302 4536 comitur
1314 4515 1356 4533 -.
1426 4519 1429 4522 ι

373 4573 422 4622 Sed
450 4587 481 4620 ex
507 4572 556 4621 levi
584 4571 643 4620 vitio
670 4569 805 4619 sententiae
829 4568 909 4618 tonna
992 4569 1048 4616 239.
1070 4563 1496 4628 [iocert,-eedeloqueatia]‚ds·
