3242 5500
467 575 579 623 11111
606 576 744 625 enimus
771 559 788 639 1
815 558 897 629 217.
1200 562 1245 630 911

122 747 186 817 hoc
217 769 261 817 ne
292 745 492 842 philosophi
522 746 664 843 quidem
693 748 781 843 ipsi,
815 751 877 844 qui
906 749 1024 821 omnia
1053 750 1143 823 sicut
1167 775 1245 845 pro·

122 856 196 951 pria
243 880 307 928 sua
350 880 425 928 esse
465 865 570 952 atque
612 880 632 928 a
669 880 705 929 se
741 858 912 953 possideri
948 859 1092 946 volunt,
1130 859 1245 933 dicere
1329 934 1332 939 ,

122 964 274 1051 audent,
300 967 527 1060 geometriam
552 974 613 1038 aut
634 966 803 1039 musicam
826 967 1026 1065 philosophi
1046 992 1141 1056 esse,
1163 970 1246 1064 quia

122 1074 307 1147 Platonem
329 1099 450 1147 omnes
474 1076 512 1147 in
537 1076 607 1148 illis
631 1074 765 1148 artibus
783 1078 1122 1171 praestantissimum
1138 1079 1247 1152 fnisse

121 1184 307 1257 fateantur.
360 1182 438 1269 Ac,
462 1184 491 1257 si
518 1184 588 1257 iam
611 1185 724 1281 placet
751 1209 872 1258 omnes
896 1195 987 1259 artes
1012 1187 1138 1259 oratori
1162 1188 1244 1260 sub·

121 1294 287 1393 iujgare,
313 1292 528 1366 tolerabilius
551 1302 604 1367 est
629 1295 678 1367 sio
700 1295 819 1390 potius
843 1295 974 1382 dicere,
999 1305 1055 1383 ut,
1078 1289 1246 1393 quoniam
1271 1323 1318 1371 111

122 1402 263 1474 dicendi
296 1402 443 1475 facultas
479 1427 550 1475 non
582 1403 707 1477 debeat
740 1428 815 1476 esse
845 1404 962 1477 ieiuna
994 1415 1100 1501 atque
1126 1409 1244 1495 nuda,

122 1512 182 1584 sed
215 1536 357 1607 aspersa
389 1521 495 1608 atque
527 1513 691 1586 distincta
723 1513 915 1586 multarum
946 1538 1064 1586 rerum
1091 1516 1245 1589 iucunda

122 1620 274 1717 quadam
308 1622 491 1708 varietate,
524 1624 569 1695 sit
601 1622 685 1695 boni
716 1624 860 1695 oratoris
887 1624 999 1696 multa
1023 1624 1246 1697 1111111111-

121 1731 275 1826 oepisse,
317 1731 428 1803 multa
463 1731 610 1818 vidisse,
648 1733 760 1805 multa
796 1732 913 1804 animo
944 1742 979 1805 et
1012 1734 1244 1829 cogitatione,

120 1841 231 1913 multa
269 1841 391 1913 etiam.
410 1841 561 1936 legendo
596 1842 874 1937 percucurrisse,
906 1867 1022 1939 neque
1046 1868 1087 1915 11
1116 1853 1157 1916 ut
1182 1868 1245 1916 sua

121 1950 337 2045 possedisse,
374 1949 436 2023 sed
471 1958 512 2023 nt
549 1950 663 2023 aliena
699 1950 846 2024 libasse:
871 1952 983 2024 fateor
1006 1953 1121 2040 enim,
1147 1954 1242 2026 calli·

121 2060 203 2131 dum
239 2059 418 2155 quendam
458 2058 572 2147 hunc,
608 2069 642 2132 et
672 2060 771 2132 nulla
799 2061 837 2133 in
871 2086 910 2133 re
941 2062 1092 2135 tironem
1120 2086 1161 2135 ac
1183 2087 1242 2135 ru·
1273 2144 1275 2147 Α

121 2169 215 2255 dem,
257 2193 322 2242 nec
356 2170 581 2265 peregrinum
612 2178 718 2265 atque
746 2169 924 2266 hospitem
949 2171 987 2243 in
1009 2171 1147 2267 agendo
1168 2196 1244 2246 esse

121 2278 257 2351 debere.
1092 2286 1099 2295 ”

166 2388 294 2483 Neque
324 2412 404 2460 varo
428 2389 505 2461 istis
531 2389 719 2485 tragoediis
741 2389 835 2474 tuis,
858 2388 988 2485 quibus
1012 2389 1065 2462 uti
1089 2390 1241 2486 philoso·
1269 2397 1313 2465 51

120 2496 178 2591 phi
201 2497 357 2569 maxime
381 2498 516 2585 solent,
544 2499 686 2585 Crasse,
710 2497 906 2594 perturbor,
929 2499 1026 2595 quod
1043 2498 1092 2571 ita
1105 2498 1242 2586 dixisti,
1268 2499 1315 2545 2¹⁹

120 2606 297 2679 neminem
330 2631 432 2702 posse
466 2632 585 2679 eorum
618 2616 773 2692 mentes,
812 2608 874 2702 qni
898 2608 1080 2695 audirent,
1105 2617 1168 2681 aut
1188 2608 1242 2681 in·

119 2716 296 2790 flammare
331 2716 500 2804 dicendo,
528 2726 590 2791 aut
613 2717 847 2791 inflammatas
867 2717 1106 2813 restinguere,
1132 2742 1243 2814 quum

118 2827 152 2898 in
176 2852 216 2900 eo
240 2827 395 2899 maxime
409 2829 471 2900 ¹vis
495 2828 640 2900 oratoris
663 2826 942 2924 magnitudoque
961 2836 1142 2914 cernatur,
1173 2828 1243 2902 nisi

119 2938 177 3030 qui
212 2961 332 3009 rerum
366 2937 523 3010 omnium
555 2945 739 3022 naturam,
772 2961 887 3008 mores
920 2935 1104 3008 hominum
1136 2946 1243 3037 atque

117 3046 268 3118 rationes
293 3046 435 3142 penitus
459 3047 692 3143 perspexerit,
718 3047 755 3118 in
779 3070 850 3141 qno
870 3045 1090 3141 philosophia
1108 3049 1153 3119 sit
1165 3070 1240 3118 ora·

119 3157 181 3227 tori
215 3156 412 3228 necessario
446 3156 686 3252 percipienda:
719 3180 797 3251 'quo
829 3155 866 3227 in
904 3155 1020 3229 studio
1058 3155 1241 3228 hominum

118 3289 256 3360 quoque
282 3265 641 3360 ingeniosissimorum
666 3264 1025 3360 otiosissimorumque
1046 3274 1240 3338 totasaeta·

117 3381 166 3445 tes
190 3373 353 3446 videmus
378 3397 452 3464 esse
477 3374 660 3459 contritas,
687 3398 837 3469 qnorum
862 3398 927 3469 ego
952 3375 1087 3470 copiam
1104 3374 1240 3469 magni·

114 3679 215 3738 propria
235 3677 341 3726 escere:
363 3677 654 3740 primumprimuim
702 3692 756 3726 eam
777 3673 924 3725 sententiam
941 3680 1178 3744 commemoraverat
1191 3674 1240 3724 dis-

118 3761 252 3805 1111111111
266 3756 416 3819 iunguntur,
430 3757 506 3804 utII.
520 3758 584 3814 §392
599 3761 653 3804 tnm
701 3756 870 3818 putationem,
891 3755 936 3803 sed
955 3754 1112 3802 coniunctam
1126 3768 1183 3802 cum
1196 3770 1241 3817 pe·
1280 3804 1282 3807 ,

116 3832 169 3882 ideo
182 3835 373 3898 corrigendum,
386 3836 452 3883 11111
454 3835 562 3895 propria
568 3836 594 3882 et
599 3849 652 3884 111.
702 3835 787 3882 culiari
799 3833 998 3896 opportunitate,
1017 3838 1042 3881 et
1053 3833 1096 3882 vix
1109 3833 1169 3881 mihi
1182 3848 1240 3894 per·

35 3933 37 3938 ·
118 3911 187 3960 Conf.
201 3917 214 3972 ξ
228 3915 289 3961 218.
702 3914 808 3972 suadeo,
830 3911 992 3974 philosophos
1005 3912 1090 3958 1111111
1103 3925 1155 3958 erae
1172 3911 1240 3960 istim

147 3990 203 4039 218.
218 4005 298 4054 neque
310 3991 579 4052 eaotauaposaediase.
593 3993 652 4042 Cre·
702 3991 768 4040 modi
787 3991 921 4054 tragoediis
938 3992 984 4040 uti.
1018 3991 1054 4039 Ut
1066 4004 1126 4039 vere
1143 3991 1240 4050 dicam,

117 4067 652 4132 1111111111,11111111111111111111,11111
702 4071 768 4132 qnod
795 4069 889 4127 sentio,
917 4069 1032 4130 equidem
1051 4069 1241 4118 111111111111111

116 4150 237 4208 tamquam
251 4148 355 4196 modum
370 4153 395 4196 et
408 4151 483 4216 finem
496 4148 601 4210 imponit
613 4149 651 4207 iis,
702 4163 827 4205 carerem,
849 4153 892 4196 aut
904 4147 987 4210 potius
1000 4153 1069 4196 tanto
1082 4147 1197 4196 fidentius
1210 4161 1240 4194 11

117 4225 463 4288 quaemodopostnlabantnr,
478 4227 653 4290 requiririeque
701 4229 859 4284 damnarem,
887 4227 969 4288 quod,
994 4227 1015 4274 si
1034 4225 1240 4287 philosophorum

117 4303 194 4352 lamen
207 4321 235 4352 ea
249 4333 293 4352 —.
700 4306 818 4364 fuissent,
834 4320 885 4353 non
898 4305 1008 4354 dicturus
1019 4303 1106 4352 fuisset
1118 4303 1240 4352 Antonius

147 4382 202 4431 219.
228 4384 316 4446 quibus
335 4384 374 4432 uti
389 4383 527 4445 philosophi
546 4385 652 4432 maxime
702 4383 835 4449 tragoediis
849 4385 909 4431 tuta.

115 4461 197 4508 111111.
233 4461 303 4510 Nihil
324 4467 377 4510 erat
397 4477 440 4510 cur
457 4461 601 4524 philosophi
614 4463 650 4510 di·
734 4461 799 4526 qood
823 4464 862 4510 ito
882 4461 978 4510 dictati.
1019 4461 1120 4508 Poterat
1140 4472 1239 4520 quoqne

115 4543 227 4586 careatur
254 4540 363 4587 manime
385 4540 435 4588 illis
452 4541 586 4604 tragoediis
606 4541 650 4588 uti.
701 4557 775 4602 qaum
787 4541 826 4588 ita
839 4541 864 4588 d.

115 4612 205 4676 Supra,
220 4620 284 4676 587,
298 4617 478 4680 Antoniusipse
487 4618 651 4667 Carneadiain
734 4635 808 4682 qnam
822 4621 849 4666 tn
862 4632 898 4667 eo.
923 4618 1032 4666 Praetuli
1045 4617 1111 4676 hoc,
1125 4629 1185 4677 prae
1198 4629 1238 4665 re·
