3242 5500
354 532 399 601 92
698 550 812 599 arnna
839 551 977 599 esruus
1004 534 1022 613 5
1048 532 1130 600 ala.

351 731 433 795 nain
457 723 723 795 iurisconsultus
741 746 820 793 vere
837 722 1093 807 nominaretur,
1120 746 1201 793 eum
1220 720 1389 807 dicerem,
1415 723 1478 818 qui

351 833 470 928 legum
495 841 530 904 et
551 830 813 904 consuetudinis
838 830 929 916 eius,
955 854 1025 925 qua
1047 830 1172 925 privati
1195 831 1232 902 in
1250 830 1389 903 civitate
1401 839 1477 902 ute·

350 950 487 1026 rentur,
527 950 562 1013 et
595 940 641 1014 ed
667 938 972 1035 respondendum,
1000 948 1035 1012 et
1063 940 1109 1010 ad
1138 940 1337 1035 agendum,
1367 939 1479 1012 etad

351 1050 544 1123 cavendum
574 1050 708 1146 peritus
734 1057 840 1122 esset:
865 1056 900 1120 ot
923 1073 967 1120 ex
991 1074 1032 1120 eo
1054 1072 1182 1144 genere
1207 1050 1287 1120 Ser.
1314 1047 1477 1134 Aelium,

351 1157 404 1231 Μ’
429 1158 636 1245 Manilium,
662 1158 702 1231 P.
729 1157 891 1230 Mucium
913 1158 1142 1230 nominarem.
1194 1156 1330 1253 Atque,
1354 1158 1479 1229 utiam

277 1264 325 1334 49
351 1269 397 1341 ed
426 1269 553 1340 leviora
578 1269 708 1341 artium
732 1266 849 1340 studia
872 1267 1026 1353 veniam,
1053 1267 1083 1339 si
1107 1268 1279 1352 musicus,
1306 1267 1336 1338 si
1362 1291 1480 1362 gram·

351 1378 516 1465 malicus,
542 1378 571 1451 si
596 1385 698 1473 poeta
724 1385 926 1473 quaeratur,
953 1377 1085 1472 possim
1110 1375 1478 1471 similiterexplieare,

351 1488 435 1584 quid
474 1511 594 1559 eorum
625 1488 774 1583 quisque
803 1486 1024 1582 profiteatur,
1055 1492 1091 1557 et
1124 1508 1195 1580 quo
1224 1508 1295 1555 non
1325 1484 1480 1579 amplius

350 1597 394 1669 ab
435 1620 574 1693 quoque
612 1596 657 1668 sit
690 1594 952 1691 postulandum.
1003 1592 1208 1689 Philosophi
1241 1592 1396 1689 denique
1425 1594 1477 1688 ip·

351 1708 439 1791 sius,
475 1705 536 1802 qui
561 1705 605 1777 de
642 1730 705 1777 sua
739 1704 774 1775 vi
810 1728 851 1776 ac
886 1703 1057 1798 sapientia
1093 1727 1186 1775 unus
1219 1703 1337 1774 omnia
1367 1726 1481 1797 paene

350 1817 550 1912 profitetur,
586 1822 639 1887 est
668 1822 787 1887 tamen
821 1812 993 1908 quaedam
1024 1811 1229 1906 descripti0,
1267 1819 1308 1884 ut
1337 1811 1386 1897 is,
1418 1811 1481 1906 qui

351 1924 488 2025 studeat
526 1917 715 2018 [emnium]
743 1945 860 1994 rerum
891 1921 1090 1993 divinarum
1113 1928 1220 2015 atque
1244 1919 1480 1992 humanarum

350 2034 442 2119 vim,
468 2041 631 2104 naturam
655 2055 848 2125 causasque
872 2054 993 2117 nosse,
1020 2037 1053 2102 et
1078 2053 1219 2101 ornnem
1239 2028 1330 2101 bene
1359 2030 1479 2101 viven-

351 2142 388 2214 di
407 2142 577 2214 rationem
602 2149 721 2214 tenere
747 2147 780 2213 et
805 2139 986 2235 persequi,
1011 2140 1154 2211 nomine
1180 2137 1245 2210 hoc
1269 2138 1478 2235 appelletur.

277 2274 324 2320 213
408 2252 591 2323 Oratorem
616 2257 751 2336 autem,
784 2251 952 2345 quoniam
984 2247 1027 2319 de
1057 2272 1098 2319 eo
1129 2247 1347 2343 quaerimus
1381 2248 1480 2344 equi-

349 2361 432 2433 dem
477 2384 548 2432 non
593 2359 682 2431 facio
730 2358 898 2443 eundern,
944 2381 1053 2453 quem
1090 2356 1253 2442 CrassuS,
1292 2356 1356 2451 qui
1391 2356 1481 2429 mihi

350 2471 445 2543 visus
480 2478 533 2541 est
578 2463 751 2564 [omnem]
800 2467 958 2538 omnium
1006 2460 1139 2561 [rerum
1179 2459 1300 2561 atque]
1348 2466 1480 2539 artium

352 2579 531 2652 scientiam
556 2576 850 2673 comprehendere
874 2600 946 2647 uno
971 2575 1116 2646 oratoris
1139 2574 1251 2646 officio
1264 2576 1478 2647 eonomine:

350 2696 456 2785 atque
482 2712 563 2761 eum
588 2694 675 2784 puto
700 2710 791 2773 esse,
818 2686 880 2782 qui
905 2683 1018 2757 verbis
1043 2683 1089 2755 ad
1113 2682 1329 2756 audiendum
1353 2684 1479 2758 iucun-

350 3003 436 3054 oendi:
451 3003 491 3051 eui
498 3002 602 3064 opposui
610 3005 716 3050 aiterum
722 3004 815 3061 locum,
826 3000 887 3050 ibid.
937 3001 1063 3062 appellare
1080 3012 1162 3046 omues
1174 3012 1214 3047 res
1228 2998 1337 3046 divinas:
1353 2999 1386 3046 cf.
1402 3001 1478 3048 Tuae.

351 3087 364 3141 5
386 3085 433 3141 22,
461 3080 504 3129 nbi
524 3081 707 3144 coniunguntur
726 3083 888 3142 reapoudere,
937 3078 981 3125 lv.
1008 3082 1021 3136 5
1045 3076 1086 3126 57.
1107 3077 1139 3124 V.
1161 3081 1173 3135 5
1196 3075 1219 3126 7.
1240 3077 1312 3126 Offic.
1333 3079 1356 3125 Ι.
1378 3082 1390 3136 5
1414 3079 1477 3128 15³:

350 3161 471 3209 actionem
484 3159 631 3218 instituere,
646 3172 737 3210 carme.
889 3196 893 3204 .
935 3156 1041 3217 ideoque
1060 3154 1121 3202 mihi
1140 3154 1205 3203 istud
1226 3154 1354 3203 insititium
1371 3169 1426 3204 esse
1439 3155 1478 3204 vi·

384 3238 427 3300 qui
448 3238 478 3284 de
498 3250 543 3284 rua
560 3236 783 3300 tri—profitetur.
819 3240 889 3286 Haec
936 3234 1017 3282 detur.
1051 3234 1128 3290 Tum,
1143 3232 1318 3295 corrigendum
1331 3232 1380 3280 vim
1393 3235 1477 3282 etna-

350 3316 386 3365 sie
410 3315 538 3372 dicuntur,
562 3315 632 3376 quasi
651 3315 815 3377 philosophus
834 3315 887 3376 ipse
935 3313 1034 3369 turam,
1056 3325 1119 3372 quae
1132 3310 1250 3374 distingui
1262 3326 1313 3360 non
1327 3311 1477 3373 oportebat,

351 3408 421 3442 suam
441 3398 518 3442 artem
538 3393 571 3442 ita
591 3393 718 3443 definiret:
734 3399 821 3442 contra
834 3395 885 3443 hn-
935 3390 1065 3451 potiusque
1088 3389 1161 3438 simul
1181 3403 1257 3437 unam
1277 3389 1406 3438 notionem
1423 3393 1476 3440 effi·

350 3472 411 3522 tonii
438 3466 596 3520 sententiam:
621 3486 702 3533 neque
718 3473 837 3535 profiteri
857 3472 888 3518 de
936 3468 1013 3516 ciunt.

351 3553 479 3614 aliquare
500 3551 632 3609 Latinum,
652 3552 695 3599 sed
707 3552 780 3612 pros.
794 3565 821 3597 ae
834 3552 886 3598 dic·
926 3546 935 3555 “
969 3548 1026 3594 213.
1053 3547 1171 3608 [omnem]
1199 3546 1306 3593 omnum
1333 3560 1420 3593 rerum
1443 3574 1478 3584 —

311 3634 315 3641 '
352 3632 437 3678 turum
457 3644 508 3677 ease
528 3631 620 3687 de-,
641 3635 772 3692 utsupra,
795 3631 885 3688 5103:
933 3623 1070 3671 edendam·
1111 3625 1180 3672 Illud
1205 3638 1299 3671 omnem
1318 3619 1477 3686 supersideo

351 3709 466 3770 quodque
485 3708 564 3756 fertur
583 3708 660 3758 head.
683 3708 718 3756 Il.
737 3712 750 3766 5
766 3708 810 3765 73,
826 3709 890 3756 nibil
935 3701 1109 3764 dittographia.
1144 3702 1194 3750 Sed
1214 3715 1246 3749 ne
1265 3715 1310 3764 per
1330 3717 1356 3750 se
1374 3703 1476 3763 quidem

351 3786 453 3847 recipit,
468 3781 769 3847 dequouonprofiteatur‚
784 3789 888 3847 apparet
936 3780 1013 3828 omnic
1024 3780 1141 3838 scientia,
1155 3795 1212 3828 cum
1224 3781 1269 3829 illo
1281 3781 1474 3830 Genitivoiurre·

351 3880 365 3913 e
385 3863 552 3926 superioribus
571 3864 702 3928 cogitando
720 3864 888 3926 supplendum
935 3862 1004 3916 tum,
1018 3858 1118 3907 defendi
1132 3863 1223 3920 potest.

351 3957 405 3992 esse
425 3957 451 3989 re
464 3941 538 4004 loqui.
551 3969 585 3978 —-
599 3943 664 3992 Hinc
677 3943 796 3999 conficio,
810 3941 888 3990 verba
969 3938 1075 3985 omnium
1082 3937 1272 3999 [remittatque]
1280 3937 1382 3985 artium.
1390 3940 1476 3996 Quum

350 4021 406 4078 illa,
421 4021 450 4067 de
462 4035 507 4068 cua
520 4019 542 4070 oi
555 4036 585 4070 ae
597 4021 727 4080 rapientia,
741 4021 799 4068 satis
813 4021 888 4068 stulte
935 4016 1010 4064 modo
1029 4015 1056 4063 in
1068 4015 1211 4077 philosophi
1224 4015 1366 4064 definitione
1380 4030 1422 4063 ree
1436 4017 1476 4064 di·

348 4097 498 4160 interpolata
512 4113 575 4146 esse=
593 4099 754 4160 nequeenim
769 4097 888 4147 credibile
936 4093 1004 4140 Μ’Μ*
1022 4094 1097 4155 “live
1114 4093 1232 4141 dumam
1244 4094 1378 4154 P0⁸¹15⁸⁸0t2
1393 4096 1476 4142 credi·

352 4181 389 4226 est
403 4176 428 4224 h.
442 4179 460 4224 l.
474 4191 520 4225 arra
534 4191 563 4226 ao
575 4177 650 4226 modo
660 4177 846 4238 accipiendum,
859 4181 888 4225 ut
935 4170 986 4220 bile
996 4172 1045 4220 iam
1056 4187 1108 4221 non
1117 4178 1154 4221 est
1160 4173 1209 4220 hoe
1215 4187 1282 4220 nune
1290 4173 1379 4221 Crasso
1386 4172 1475 4232 obiici,

351 4259 364 4313 5
379 4255 426 4304 217
442 4259 467 4303 et
479 4269 516 4316 sq.
937 4251 1005 4312 quasi
1017 4251 1038 4299 is
1051 4250 1077 4298 in
1084 4256 1181 4299 oratore
1188 4253 1295 4298 omnium
1301 4263 1388 4298 rerum
1394 4252 1475 4300 soien-

333 4327 335 4330 ’
387 4332 517 4395 [omnium]
545 4346 631 4381 rerum
655 4333 791 4382 diuinarum
814 4333 890 4394 atque
935 4331 995 4379 tiam
1006 4330 1189 4391 postulavisset:
1203 4329 1330 4378 neesaeile
1338 4329 1476 4390 quisdicat,

351 4412 512 4460 lamnarum
534 4412 597 4468 dm,
622 4414 738 4458 naturam
757 4425 890 4473 canamque
937 4424 987 4470 quo
1007 4410 1094 4466 modo,
1115 4409 1142 4456 in
1156 4408 1294 4456 huiusmodi
1308 4409 1448 4466 senonia,
1462 4425 1477 4456 a

352 4503 428 4538 norae.
469 4493 526 4539 Non
552 4491 616 4540 solet
639 4489 726 4538 Cicero
745 4488 771 4536 in
792 4489 889 4550 saepius
938 4489 1010 4536 rebus
1035 4488 1212 4536 discernendae
1236 4491 1318 4535 essent
1342 4489 1431 4543 aneo,-
1452 4493 1478 4536 et

351 4573 467 4629 usurpata
493 4569 536 4616 ilia
556 4567 727 4630 philosophiae
747 4567 888 4616 definitione
938 4566 1000 4614 nihil
1013 4571 1111 4627 praeter
1124 4569 1192 4614 aries
1204 4567 1314 4627 appellat
1326 4565 1476 4615 Cicereium
