3242 5500
376 518 420 587 58
711 536 825 583 uranu
851 534 1001 582 surmus,
1030 516 1048 595 S
1076 512 1156 581 135.

372 705 599 803 perveniendi
635 705 770 802 aliqu0,
808 705 878 777 nisi
902 704 1016 788 illud,
1043 702 1139 799 quod
1164 728 1225 788 eo,
1251 727 1322 799 quo
1346 702 1495 786 tendor,

282 905 284 909 Ι
372 817 458 887 ferat
483 813 675 911 ducetque,
701 815 873 909 cognoris.
913 814 1054 897 Quare,
1082 812 1249 906 quoniam
1274 810 1362 883 mihi
1387 810 1497 883 levius

373 923 549 1021 quoddam
586 948 675 995 onus
713 922 918 1019 imponitis,
956 945 1072 1017 neque
1108 944 1151 993 ex
1188 924 1245 992 me
1278 920 1323 991 de
1353 919 1498 991 oratoris

372 1040 470 1118 arte,
509 1032 571 1103 sed
602 1032 645 1103 de
676 1031 740 1104 hac
766 1056 860 1117 mea,
886 1030 1207 1127 quantulacumque
1232 1038 1308 1115 est,
1334 1029 1499 1101 facultate

373 1140 561 1237 quaeritis,
593 1165 765 1236 exponam
795 1139 894 1212 vobis
919 1165 989 1213 non
1017 1138 1206 1235 quamdam
1229 1146 1291 1211 aut
1314 1162 1498 1233 perrecon-

373 1250 500 1335 ditam,
531 1256 591 1321 aut
620 1250 719 1322 valde
753 1250 948 1335 difficilem,
979 1256 1039 1321 aut
1064 1248 1310 1343 magnificam,
1336 1254 1397 1318 aut
1421 1270 1500 1341 gra-

372 1383 451 1431 vem
480 1359 648 1432 rationem
679 1359 946 1432 consuetudinis
977 1382 1094 1444 meae,
1129 1381 1199 1453 qua
1232 1355 1413 1453 quondam
1443 1380 1499 1427 so·

372 1468 455 1539 litus
481 1492 559 1538 sum
584 1467 654 1552 uti,
681 1492 791 1563 quum
815 1466 904 1539 mihi
928 1468 965 1539 in
991 1468 1057 1539 isto
1082 1466 1198 1538 studio
1220 1466 1349 1537 versari
1361 1464 1499 1536 adoles·

302 1596 347 1641 rae
373 1577 465 1651 canti
490 1576 625 1648 licebat.
679 1576 769 1647 Tum
796 1576 997 1672 SulpiciuS,
1025 1576 1057 1647 Ο
1083 1575 1202 1660 diem,
1230 1575 1350 1659 Cotta,
1378 1573 1498 1658 nobis,

191 1934 202 1992 Ι

39 2004 58 2033 t
79 1980 156 2031 7102,
175 1970 268 2021 &dces
281 1974 329 2017 W

373 1686 505 1782 inquit,
532 1685 707 1780 optatum!
743 1685 851 1761 Quod
875 1685 969 1757 enim
995 1709 1110 1781 neque
1130 1682 1294 1780 precibus
1307 1706 1499 1779 umquam,

374 1819 438 1871 nec
462 1793 679 1878 insidiando,
705 1818 769 1866 nee
795 1794 1008 1890 speculando
1029 1793 1168 1890 assequi
1189 1792 1308 1888 potui,
1335 1800 1392 1877 ut,
1412 1790 1502 1887 quid

375 1904 521 1974 Crassus
547 1910 665 1997 ageret
690 1903 883 1975 meditandi
909 1911 969 1974 aut
990 1902 1130 1976 dicendi
1154 1925 1275 1986 causa,
1301 1900 1502 2009 ”OHQ

374 2012 491 2085 videre
528 2011 639 2096 mihi,
679 2011 741 2083 sed
778 2036 821 2083 ex
846 2012 921 2083 eius
948 2012 1116 2107 scriptore
1141 2018 1176 2081 et
1200 2010 1327 2082 lectore
1352 2008 1502 2105 Diphilo

376 2120 544 2215 suspicari
569 2120 711 2207 liceret,
738 2121 776 2214 id
802 2145 903 2217 spero
928 2144 992 2192 nos
1018 2145 1093 2192 esse
1117 2118 1286 2215 adeptos,
1311 2118 1502 2213 omniaque

375 2231 444 2301 iam
470 2254 512 2300 ex
537 2230 639 2326 ipsc,
665 2254 755 2325 quae
780 2229 842 2302 diu
867 2230 1053 2325 cupimus,
1080 2228 1291 2323 cognituros.

36 2326 173 2524 s
302 2353 345 2421 31
423 2338 513 2410 Turn
540 2338 705 2423 Crassus,
739 2339 850 2435 Atqui
875 2338 1038 2423 arbitror,
1066 2336 1216 2433 Sulpici,
1242 2360 1354 2431 quum
1377 2335 1499 2407 audie-
1557 2408 1562 2416 ,

302 2478 348 2529 137
375 2448 447 2533 ris,
472 2471 543 2518 non
569 2455 641 2518 tam
666 2456 700 2519 te
726 2448 809 2520 haec
834 2447 1113 2531 admiraturum,
1139 2469 1228 2541 quae
1241 2444 1377 2529 dixero,
1392 2455 1500 2540 quam

374 2556 670 2642 existimaturum,
695 2564 788 2642 tum,
816 2580 926 2651 quum
944 2581 984 2627 ea
996 2555 1118 2627 audire
1131 2552 1313 2649 cupiebas,
1339 2578 1498 2639 causam,

372 2691 433 2739 our
468 2690 635 2763 cuperes,
675 2690 745 2737 non
784 2666 910 2738 fuisse:
946 2664 1035 2736 nihil
1069 2664 1163 2737 enim
1194 2661 1309 2735 dicam
1339 2662 1499 2735 recondi-

370 2783 471 2861 tum,
498 2776 588 2848 nihil
614 2784 675 2848 aut
701 2776 900 2847 inauditum
925 2775 1048 2860 vohis,
1075 2781 1134 2845 aut
1164 2772 1329 2868 cuiquam
1354 2796 1497 2842 novum.

373 2886 466 2956 Nam
498 2885 691 2982 principie,
725 2885 763 2957 id
795 2884 891 2981 quod
924 2892 975 2956 est
1007 2884 1150 2954 homine
1183 2881 1501 2987 lfflhbqsh·

375 2993 703 3097 literffirewedueato
741 2993 914 3090 dignum,
952 3017 1023 3064 non
1048 2990 1207 3087 negaba,
1233 2991 1380 3062 meista
1409 2981 1501 3084 [orn-

376 3284 428 3337 est,
463 3281 669 3343 quemadmodum
702 3282 776 3329 modo
803 3285 914 3330 stadium
937 3290 941 3341 ῑ
998 3283 1055 3330 136.
1074 3281 1134 3342 qaid
1153 3280 1505 3342 Crmaqeretmeaitands

377 3359 452 3417 dixit,
473 3365 498 3408 et
518 3373 591 3415 mox,
613 3360 639 3406 in
656 3359 705 3406 iate
717 3361 799 3409 stadio
812 3361 914 3410 versari.
936 3344 941 3442 ι
963 3363 1008 3408 aut
1026 3359 1123 3407 dicendi
1136 3373 1220 3406 causa.
1255 3359 1312 3405 Non
1325 3356 1429 3418 probari
1442 3357 1502 3405 Edi-

410 3452 457 3498 qao
476 3438 569 3484 tradas.
598 3437 678 3484 Sumsi
693 3437 741 3485 hoc
754 3453 768 3485 e
782 3455 807 3486 v.
822 3441 855 3496 l.,
868 3454 915 3501 pro
937 3445 940 3458 ¹
961 3437 1072 3493 toribus,
1100 3437 1168 3498 quod
1194 3436 1305 3483 dixeram
1325 3435 1504 3498 corrigendum

376 3517 445 3578 vulg.
467 3515 594 3571 intendas,
613 3515 679 3575 quod
693 3517 856 3577 compositum
869 3532 914 3565 suo
963 3531 1015 3565 esse
1035 3515 1162 3562 discendi:
1185 3527 1232 3562 nec
1249 3513 1311 3560 mihi
1323 3529 1391 3561 nunc
1403 3514 1503 3562 videtur

377 3594 432 3641 loco
447 3593 547 3654 ponitur
562 3597 574 3651 ξ
591 3594 647 3641 143.
962 3594 997 3643 sic
1010 3593 1091 3642 sanari
1103 3607 1175 3654 posse
1188 3590 1501 3653 loeumideoeorruptum,

411 3672 475 3732 qaod
481 3685 507 3719 eo
514 3671 624 3731 —ferat
631 3672 762 3733 ducetque.
780 3673 915 3734 Iurespre·
963 3673 1030 3734 quod
1042 3671 1095 3733 ipsa
1109 3685 1168 3718 sane
1181 3670 1501 3731 meditatiosuscipiturali·

377 3755 430 3797 tum
450 3753 488 3797 est
507 3747 538 3796 ab
553 3748 693 3798 Editoribus
714 3750 829 3810 deferat,
848 3751 915 3813 quod
963 3751 1032 3798 cuius
1051 3751 1088 3798 rei
1108 3763 1197 3806 causa,
1218 3749 1263 3797 sed
1276 3749 1414 3795 meditandi
1427 3763 1503 3796 cauea

377 3826 492 3874 nonnulli
504 3825 560 3874 libri
575 3825 678 3876 habent:
691 3829 735 3876 sed
746 3843 797 3876 non
805 3827 915 3877 dubitavi
963 3829 1056 3889 aliquid
1069 3841 1155 3892 apere,
1169 3827 1281 3888 sicutqui
1288 3826 1502 3882 diceretconandi,

377 3905 429 3966 ipse
443 3904 566 3966 corrigere
579 3906 841 3967 ducatprodeducat.
865 3909 913 3956 Pu·
963 3911 1006 3954 aut
1026 3907 1142 3966 cripienda·
1154 3919 1244 3961 cauea,
1258 3918 1332 3952 nemo
1345 3903 1406 3964 quid
1419 3905 1452 3952 sit
1463 3903 1502 3950 in-

376 3982 456 4031 tidum
477 3983 507 4030 sit
527 3979 646 4044 exemplis
668 3984 850 4042 demonstrare,
872 3986 914 4032 de-
963 3985 1067 4047 telliget.
1102 3983 1219 4044 Suspicor
1238 3996 1326 4030 verum
1345 3995 1398 4030 esse
1413 3983 1440 4030 in
1452 3997 1505 4029 me-

378 4061 482 4110 duceadi
514 4060 618 4110 verbum
651 4063 709 4110 hine
740 4062 915 4111 alienissimum
963 4061 1278 4111 ditandoaatediceadum
1294 4074 1401 4108 eausam.

379 4153 440 4188 esse.
999 4141 1055 4190 137.
1074 4154 1186 4201 quamea
1196 4140 1284 4186 audire
1294 4139 1417 4198 capiebar.
1436 4139 1504 4186 Con·

406 4219 615 4278 perreconditam.
651 4221 762 4268 Fortasse
783 4234 834 4268 non
854 4234 915 4268 eon·
963 4219 1226 4268 structioAccus.eum
1239 4217 1379 4275 Infinitive,
1394 4216 1507 4265 cuihaec

378 4297 511 4344 temnenda
529 4297 653 4346 videbitur
673 4299 750 4346 altera
769 4298 855 4356 lectio,
874 4314 914 4346 re·
964 4299 1055 4347 inserta
1081 4301 1154 4354 sunt,
1181 4297 1291 4357 postulat
1318 4300 1346 4342 ut
1366 4294 1506 4357 corrigatur

380 4375 515 4431 conditam,
537 4375 572 4432 si,
594 4379 622 4422 ut
641 4375 763 4436 suspicor,
778 4378 915 4436 praefixum
965 4389 1074 4438 caperer.

379 4450 442 4499 illud
449 4467 499 4512 per
512 4452 915 4513 minosapteeumillohdreaivo
997 4456 1047 4503 ista
1066 4454 1198 4516 [omnium]
1221 4453 1357 4500 menania
1377 4478 1412 4486 —
1426 4466 1508 4511 prae-

305 4565 313 4574 „
379 4529 496 4592 iungitur.
964 4536 1043 4594 cepta.
1085 4535 1104 4582 Ε
1132 4531 1299 4594 dittographia
1320 4533 1446 4578 servatum
1469 4534 1507 4578 est
