3242 5500
412 528 457 596 86
751 546 865 594 nrnnn
890 546 1029 595 rnruus
1055 530 1073 609 ἓ
1101 529 1181 597 199.

408 742 488 791 oere
499 717 611 803 idem,
633 718 726 813 quod
735 718 831 814 opud
840 717 996 788 Ennium
1009 715 1172 789 dicutille
1188 710 1352 814 [Pythius
1365 710 1524 809 Apoiioj,

412 851 448 899 se
483 850 558 897 esse
590 850 691 912 eum,
725 826 821 899 unde
854 826 945 911 sibi,
977 826 1006 897 si
1040 850 1112 897 non
1148 825 1272 923 populi
1294 834 1330 897 et
1351 848 1473 919 reges,
1495 832 1525 893 at

412 959 533 1008 omnes
556 935 611 1006 sui
635 935 725 1007 cives
750 935 936 1007 consilium
960 943 1145 1030 expetant,

509 1178 725 1225 summorum
748 1178 864 1225 rerum
888 1150 1031 1225 incerti:
1056 1177 1141 1248 quos
1163 1177 1223 1248 epo
1246 1176 1324 1223 oreo
1346 1175 1409 1246 opo
1435 1176 1475 1223 co

509 1261 650 1335 incertis
672 1274 780 1335 certos
802 1273 1036 1357 compotesque
1056 1261 1180 1334 consil*

508 1370 663 1453 dimitto,
685 1384 724 1445 ut
749 1396 790 1445 oc
813 1396 871 1444 res
890 1384 1012 1443 temore
1034 1382 1182 1443 tractent
1207 1367 1376 1442 turbidae.

341 1618 389 1665 roo
413 1590 478 1661 Est
510 1588 604 1659 enim
634 1587 710 1659 sine
734 1588 844 1661 dubio
869 1588 994 1661 domus
1018 1586 1257 1660 iurisconsulti
1282 1587 1392 1659 totius
1416 1609 1525 1657 omen·

413 1699 488 1770 lum
518 1697 678 1769 civitatis.
731 1698 844 1771 Testis
869 1705 921 1769 est
943 1697 1048 1770 huius
1072 1692 1128 1792 [oe
1153 1697 1198 1772 Q.
1220 1690 1348 1790 Mucii]
1377 1696 1482 1767 ianne
1498 1702 1527 1764 et

413 1806 646 1892 vestibulum,
670 1806 785 1902 quod,
811 1808 943 1880 ineius
963 1806 1202 1878 infirmissimo
1223 1804 1426 1877 valetudine
1437 1804 1526 1875 offec-

412 1924 519 2011 teque
553 1915 623 1987 iem
657 1922 786 2003 aetate,
820 1916 973 1987 maximo
1004 1915 1163 2011 quotidie
1191 1914 1387 2009 frequentia
1408 1914 1526 1985 civium

410 2050 453 2097 eo
478 2047 695 2096 summorum
720 2024 908 2097 hominum
933 2024 1118 2121 splendore
1142 2024 1348 2096 celebratur.

342 2149 389 2217 46
466 2134 541 2205 Iam
584 2132 645 2205 iilo
685 2157 756 2205 non
791 2134 933 2229 longam
970 2135 1161 2206 orationem
1185 2132 1409 2218 desiderant,
1434 2156 1528 2228 quem

341 2243 459 2315 2⁰10b
496 2266 570 2313 rem
606 2242 803 2316 existimem
839 2242 981 2339 publica
1017 2266 1158 2339 quoque
1193 2243 1291 2328 iure,
1328 2266 1421 2338 quae
1455 2251 1527 2313 sunt

414 2352 554 2447 propria
578 2351 728 2423 civitatis
755 2360 861 2447 etque
885 2353 1044 2448 imperii,
1069 2362 1147 2424 tum
1171 2359 1402 2423 monumento
1425 2374 1529 2423 rerum

415 2470 592 2556 gestarum
633 2468 668 2532 et
699 2461 883 2533 vetustatis
921 2461 1080 2557 exempla
1109 2461 1236 2533 oratori
1270 2468 1353 2533 noto
1379 2484 1456 2533 esse
1478 2460 1528 2530 dc·

415 2569 517 2643 bere:
541 2594 641 2655 nom,
664 2577 704 2640 ut
724 2569 761 2641 in
782 2593 900 2641 rerum
920 2571 1132 2666 privatorum
1152 2570 1265 2642 causis
1281 2577 1390 2665 atque
1403 2567 1529 2641 iudiciis

416 2678 654 2776 depromenda
686 2702 787 2775 saepe
822 2680 932 2753 oratio
955 2689 1073 2754 estex
1096 2680 1172 2751 iure
1194 2679 1306 2765 civili,
1328 2687 1364 2752 et
1388 2679 1528 2763 idcirce,

415 2797 457 2862 ut
481 2797 563 2861 onte
588 2789 760 2875 diximus,
791 2790 919 2862 oratori
940 2790 1026 2862 iuris
1048 2789 1159 2862 civilis
1182 2789 1326 2862 seientia
1347 2788 1530 2862 necessaris

417 3078 503 3125 datum
523 3075 554 3124 eb
575 3076 731 3136 Editoribus,
750 3093 797 3140 pro
813 3081 892 3128 altere
905 3081 955 3128 lec·
1004 3093 1078 3144 pere,
1092 3081 1134 3127 vel
1149 3091 1274 3140 capessere
1287 3078 1491 3138 rempublicam:
1503 3075 1534 3124 ni·

416 3155 497 3210 tione,
511 3167 622 3202 socrum.
1006 3157 1043 3206 hil
1055 3163 1108 3215 est,
1122 3157 1168 3205 nisi
1182 3154 1351 3213 πολιτεὺεσθαι,
1364 3157 1383 3202 i.
1396 3171 1420 3204 e.
1428 3168 1535 3218 segcrcrc

452 3233 509 3280 200.
527 3231 599 3280 tutus
608 3233 875 3296 [eeQ.Moett]tasca.
893 3236 956 3284 Sim·
1006 3234 1199 3298 inrepentes,
1214 3235 1282 3296 quod
1292 3231 1536 3295 chttieousurpcrit

417 3311 958 3371 plexPronomen,tumsineedditonominc
1007 3315 1084 3362 Corn.
1106 3316 1189 3375 Nepos
1211 3313 1291 3362 XXV.
1313 3315 1337 3362 6.
1362 3314 1387 3360 l:
1402 3313 1477 3376 igitur
1488 3325 1534 3373 per·

417 3387 485 3445 eius.
508 3388 550 3449 qui
564 3389 663 3448 ederet,
684 3391 885 3456 relinquendum}
891 3399 956 3442 eret:
1005 3406 1091 3453 peram
1105 3391 1131 3439 h.
1145 3393 1164 3438 l.
1177 3392 1278 3453 ponitur
1290 3406 1336 3452 pro
1349 3393 1446 3440 versari
1456 3392 1534 3438 tocco·

418 3466 629 3525 conf.ad§193.
1006 3470 1042 3517 eis
1056 3469 1180 3530 publicis:
1200 3469 1228 3516 in
1242 3470 1351 3530 publicis
1366 3470 1442 3517 rebus
1454 3467 1535 3518 ocrscri

453 3545 510 3592 201.
519 3547 674 3594 monumento
681 3560 766 3594 rerum
772 3548 958 3608 pectorum,i.c.
1006 3547 1102 3594 dixerat
1115 3548 1215 3595 Invcut.
1230 3549 1252 3595 Ι.
1267 3551 1280 3605 §
1294 3549 1320 3594 4.
1346 3548 1436 3609 Ipsum
1448 3559 1535 3608 qnoque

419 3621 528 3670 historia.
561 3627 616 3682 Quo
630 3626 705 3673 modo
718 3629 901 3674 monumentum
911 3626 959 3674 dici
1005 3625 1069 3673 iilud
1088 3626 1230 3672 maioribus
1247 3627 1380 3674 molestum
1397 3633 1449 3683 est,
1470 3636 1535 3686 quum

419 3701 512 3759 soleat,
540 3702 610 3766 attigi
636 3703 744 3752 Scholie.
773 3707 900 3765 Hypomn.
926 3707 958 3752 V.
1006 3701 1044 3751 bis
1060 3703 1110 3751 iem
1123 3704 1239 3760 Detivus,
1254 3705 1361 3762 maturi,
1376 3704 1534 3765 praecesserit.

419 3793 444 3839 p.
461 3781 508 3836 22,
524 3793 577 3840 sqq.
1007 3779 1116 3830 Abiectis
1128 3782 1173 3839 iis,
1193 3797 1256 3843 quoe
1268 3782 1326 3830 setis
1337 3783 1454 3844 imperite
1465 3782 1534 3830 ineui-

452 3856 485 3904 tis
504 3857 655 3916 oratoribus,
677 3861 720 3920 qut
740 3861 872 3907 vereantur
891 3861 918 3907 to
931 3873 960 3908 re
1007 3863 1062 3907 cetu
1074 3864 1146 3917 sunt,
1160 3861 1310 3922 legendum,
1324 3859 1534 3923 -tamqumctt

415 3933 525 3994 publico.
542 3938 612 3984 Haec
626 3937 660 3984 sic
672 3939 798 4000 leguntur,
813 3938 960 3986 utvideutur
1008 3952 1056 3999 qua
1072 3939 1189 3986 materies
1201 3939 1225 3986 ci
1237 3940 1347 3986 subiecto
1360 3953 1414 3986 esse
1427 3940 1501 3986 debet.

420 4011 513 4072 duplex
531 4027 611 4076 genus
631 4005 756 4063 oratorum
773 4017 883 4078 fingere,
897 4030 958 4077 quo·
1041 4016 1098 4064 202.
1116 4019 1284 4065 clamatorem.
1317 4018 1394 4079 vulg.
1404 4017 1536 4077 proclamo

419 4104 475 4137 rum
496 4090 538 4137 elii
557 4092 583 4139 in
600 4107 684 4140 rerum
698 4092 850 4154 privatarum
864 4095 958 4153 censis,
1008 4094 1095 4150 torem,
1109 4093 1176 4153 quod
1190 4108 1266 4154 quum
1274 4094 1450 4151 correxisscm,
1462 4093 1535 4141 Edito-

420 4167 461 4215 elii
480 4167 506 4216 in
519 4167 625 4231 publicis
639 4171 717 4219 causis
730 4176 902 4229 versarentur3
915 4173 960 4220 sed
1007 4185 1047 4219 res
1066 4170 1145 4220 secuti
1157 4176 1223 4220 sunt
1238 4172 1312 4221 conf.
1325 4172 1374 4220 ΠΙ.
1387 4173 1536 4230 §138.Brnt

420 4249 505 4294 contra
526 4252 680 4296 constantem
702 4249 958 4309 cressementum,
1009 4251 1094 4308 5182.

420 4323 462 4386 qui
482 4324 593 4385 perfecto
614 4327 704 4374 oratori
725 4332 857 4388 utrumque
871 4343 959 4377 munus
1042 4329 1218 4390 conquirimus.
1268 4328 1417 4376 Admonitus
1445 4327 1537 4389 quisque

420 4403 528 4451 mandat.
547 4405 678 4453 Praeterea
691 4406 820 4454 offensioni
832 4411 869 4454 cst
878 4407 959 4468 ipsum
1008 4407 1130 4455 concedet
1140 4407 1214 4465 inihi,
1227 4406 1276 4455 hoc
1282 4407 1449 4468 compositum
1455 4405 1486 4454 ab
1492 4405 1516 4451 h.
1522 4403 1537 4448 l.
1566 4413 1570 4418 ’

420 4478 483 4526 illud
497 4483 590 4528 versari
605 4482 631 4529 to
644 4496 673 4530 re
682 4484 795 4544 publico,
811 4485 958 4544 qnodceve,
1008 4484 1183 4533 alienissimum
1197 4499 1258 4534 esse.
1277 4484 1462 4548 corrigendum
1473 4497 1537 4546 quoe·

421 4570 452 4604 ne
465 4557 642 4620 interpreteris,
662 4561 729 4622 quasi
745 4566 808 4610 esset
823 4564 864 4610 vel
879 4564 958 4610 attio·
1008 4564 1095 4612 rinos.
