3242 5500
368 533 437 603 176
680 547 793 596 arana
821 549 1022 598 sncununs.
1052 532 1068 612 ἓ
1097 531 1176 600 133.

366 722 557 795 mittimus:
592 745 663 792 non
696 746 766 818 quo
798 721 864 793 hoc
896 721 1039 817 quidem
1063 721 1320 794 addicendum
1346 746 1492 816 magno·
1592 755 1598 768 ·

367 857 449 928 pere
472 832 666 928 pertineat,
694 831 755 903 sed
781 839 897 903 tamen
923 839 963 903 ut
985 831 1150 918 videatis,
1177 855 1283 926 quarn
1308 831 1355 902 sit
1379 855 1494 926 genus

367 940 433 1012 hoc
466 965 604 1027 eorum,
628 941 690 1036 qui
715 940 783 1012 sibi
803 941 934 1012 eruditi
959 941 1138 1025 videntur,
1164 939 1271 1011 hebes
1295 947 1405 1036 atque
1426 941 1493 1012 im·

367 1050 552 1147 politum):
593 1051 816 1122 constituunt
856 1051 950 1122 enim
990 1050 1027 1122 in
1068 1049 1261 1146 partiendis
1296 1051 1495 1122 orationum

367 1159 481 1232 modis
511 1159 582 1232 duo
615 1183 743 1256 genera
771 1184 969 1244 causarum;
1003 1184 1115 1231 unum
1139 1159 1339 1255 appellant,
1362 1161 1495 1255 inquo

367 1269 446 1342 sine
467 1270 625 1367 personis
649 1278 755 1365 atque
778 1269 996 1366 temporibus
1014 1269 1057 1340 de
1069 1269 1232 1340 universo
1245 1292 1373 1363 genere
1387 1293 1493 1363 quae·

365 1387 463 1450 ratur
469 1412 478 1465 ;
512 1379 680 1465 alterurn,
709 1378 804 1474 quod
829 1379 988 1474 personis
1012 1379 1114 1450 certis
1139 1387 1174 1449 et
1193 1377 1414 1473 temporibus
1433 1377 1495 1448 de-

366 1489 524 1560 finiatur:
551 1488 665 1582 ignari
690 1511 812 1558 omnes
837 1488 1087 1559 controversias
1109 1487 1155 1558 ad
1180 1487 1335 1558 universi
1354 1487 1495 1582 generis

300 1620 347 1668 1³4
368 1598 440 1669 vim
465 1605 499 1669 et
524 1605 686 1669 naturam
709 1596 840 1669 referri.
873 1597 966 1669 Nam
991 1597 1028 1669 in
1053 1621 1093 1668 ea
1116 1596 1191 1692 ipsa
1215 1620 1339 1682 causa,
1366 1597 1411 1668 de
1424 1620 1496 1691 qua

325 1784 346 1799 ..
360 1715 452 1778 'ante
486 1706 579 1792 dixi,
615 1705 705 1777 nihil
739 1705 939 1801 pertinebat
976 1707 1021 1778 ad
1057 1706 1202 1777 oratoris
1235 1705 1328 1777 locos
1359 1705 1496 1800 Opimii

239 1902 241 1905 Ι
298 1830 318 1910 J
352 1803 532 1913 persona,
570 1815 660 1887 nihil
696 1815 815 1887 Decii:
853 1815 897 1886 da
932 1816 1009 1912 ipso
1043 1815 1138 1886 enim
1170 1814 1332 1886 universo
1366 1839 1496 1910 genere

257 1920 284 1997 ,’
337 1959 345 1970 ·
367 1925 506 1997 infinita
540 1925 696 2019 quaestio
721 1933 789 2010 est,
814 1949 901 1996 num
926 1949 1040 2020 poena
1063 1924 1222 1996 videatur
1246 1949 1320 1996 esse
1341 1923 1493 1995 afficien-

280 2113 285 2119 ,
369 2035 456 2120 dus,
481 2034 543 2129 qui
568 2034 679 2106 civem
705 2058 746 2104 ex
764 2041 906 2112 senatus
919 2034 1079 2106 consulto
1092 2033 1225 2130 patriae
1238 2033 1496 2105 conservandae

369 2168 473 2216 causa
497 2143 732 2229 interemerit,
758 2168 870 2238 quum
894 2143 933 2215 id
957 2168 1020 2239 per
1035 2143 1130 2238 leges
1142 2166 1213 2214 non
1227 2143 1358 2214 liceret.
1385 2142 1496 2213 Nulla

369 2253 523 2348 denique
547 2260 599 2325 est
623 2277 746 2338 causa,
772 2253 809 2325 in
835 2253 986 2348 quaid,
1013 2252 1108 2347 quod
1133 2252 1170 2324 in
1195 2251 1494 2335 iudiciumvenit,

369 2388 428 2434 en·
448 2386 586 2434 reorum
623 2362 801 2458 personis,
840 2386 910 2434 non
944 2385 1114 2457 generum
1146 2362 1303 2458 ipsorum
1333 2361 1496 2454 universa

296 2500 343 2547 ras
370 2472 610 2567 disputatione
634 2478 832 2568 quaeratur.
861 2471 959 2546 Quin
986 2471 1091 2542 etiarn
1116 2470 1152 2542 in
1178 2472 1222 2542 iis
1247 2470 1350 2566 ipsis,
1373 2469 1437 2541 ubi
1450 2470 1495 2541 de

247 2592 249 2598 '
366 2573 460 2654 lacto
482 2581 692 2678 ambigitur,
717 2581 894 2678 ceperitne
919 2581 1085 2677 pecunias
1106 2588 1224 2652 contra
1244 2580 1341 2675 leges
1360 2579 1400 2651 P.
1421 2579 1492 2649 De-

369 2692 462 2779 cius,
488 2699 696 2786 argumenta
721 2699 753 2763 ct
779 2690 984 2776 crilninum,
1009 2697 1044 2762 et
1067 2689 1495 2762 defensionisrevoceutur

369 2809 507 2898 oportet
530 2801 576 2872 ad
600 2825 735 2895 genus,
761 2808 796 2872 et
816 2800 862 2871 ad
874 2806 1034 2871 naturam
1046 2800 1261 2885 universam3
1288 2800 1382 2894 quod
1397 2823 1492 2870 sum·

369 2919 511 2996 tuosus,
534 2906 594 3005 [de
612 2909 749 2981 luxurie
757 2904 783 3004 ;]
804 2909 1017 3005 quodalieni
1030 2918 1215 3005 appetens,
1239 2903 1490 3004 [denvaritia;]

371 3020 467 3114 quod
492 3018 699 3104 seditiosus,
729 3014 789 3113 [de
813 3017 1026 3090 turbulentis
1052 3026 1086 3089 et
1100 3018 1199 3090 malis
1212 3018 1345 3090 civibus
1355 3013 1380 3113 3]
1398 3019 1494 3114 quod

370 3152 391 3199 a
415 3128 535 3199 multis
552 3127 729 3223 arguitur,
758 3123 819 3223 [de
832 3151 960 3223 genere
973 3127 1117 3199 testium
1126 3122 1152 3223 ;]
1169 3136 1376 3223 contraque,
1404 3152 1495 3222 quae

371 3262 434 3334 pro
473 3261 532 3309 reo
568 3236 746 3323 dicentur,
783 3237 902 3308 omnia
934 3238 1127 3309 necessario
1158 3260 1179 3308 a
1208 3245 1365 3333 tempore
1388 3245 1495 3334 atque

374 3424 668 3446 .......;...-.--

319 3541 330 3563 ¹
371 3566 406 3615 tio
425 3564 549 3628 positum,
569 3578 621 3612 non
640 3562 722 3611 suam
740 3562 859 3625 explicari
871 3562 908 3611 vi-
958 3578 1014 3610 rum
1031 3562 1094 3611 nihil
1107 3563 1185 3611 altero
1199 3560 1306 3609 (letemus
1320 3560 1495 3610 Ellendtiovi-

372 3646 445 3692 detur
464 3644 524 3704 quid
537 3643 577 3691 sit.¹
611 3644 720 3703 Nempe,
735 3646 763 3690 ut
776 3656 863 3703 saepe,
877 3642 909 3689 2¹1-
959 3640 1075 3690 debatur:
1090 3641 1134 3689 sed
1147 3645 1279 3701 utrumque
1290 3639 1404 3688 vitiosum
1417 3644 1462 3688 est.

374 3724 419 3770 tud
437 3735 583 3784 suspensum
603 3725 702 3777 manet,
724 3720 910 3782 explicaturquc
995 3721 1050 3767 135.
1068 3720 1192 3780 ceperitne
1200 3716 1321 3779 perantiae
1333 3721 1421 3765 eontra
1435 3720 1499 3779 loyes

373 3798 910 3857 novainstitutsconstrnctione:canit140
960 3798 990 3845 P.
1012 3797 1112 3847 Decius.
1147 3798 1207 3855 Quis
1225 3797 1252 3844 h.
1267 3798 1285 3844 l.
1300 3797 1391 3845 Decius
1405 3796 1497 3846 intelli-

374 3883 400 3926 et
413 3880 471 3925 295.
500 3877 627 3939 sicigitur
639 3876 666 3924 h.
680 3877 698 3923 l.
713 3877 912 3925 tttndcidcndnm
960 3876 1056 3939 gendos
1069 3876 1108 3934 sit,
1121 3875 1430 3937 quaesiveruntviridocti.
1449 3876 1499 3923 Sed
1606 3912 1607 3947 3

374 3959 428 4003 est:
450 3956 605 4003 constituant
628 3956 692 4002 enim
712 3981 746 3989 -
762 3955 852 4003 dicitur
865 3968 911 4017 pro
960 3953 1052 4012 verba,
1074 3956 1161 4001 eontra
1182 3957 1260 4014 tepea,
1274 3954 1330 4002 ideo
1344 3954 1402 4001 hinc
1417 3955 1499 4003 aliena

374 4033 594 4091 illucescendum,
609 4033 798 4095 qnodmapistri
810 4034 911 4082 illicen-
961 4046 1014 4081 esse
1034 4038 1110 4094 puto,
1136 4032 1259 4093 primum,
1285 4032 1351 4092 quod
1365 4034 1499 4092 pecuniam

374 4112 493 4159 stitunnt.
529 4110 602 4159 Conf.
620 4112 652 4158 ad
666 4113 687 4160 Ι.
702 4116 715 4171 §
732 4113 787 4159 124.
962 4105 1048 4171 capere
1061 4124 1195 4171 numquam
1209 4110 1344 4158 'secundum
1359 4111 1428 4172 leges
1446 4111 1500 4158 fieri

409 4190 563 4239 comitarent
579 4190 784 4254 -dnopenern
801 4190 913 4237 Eandem
961 4193 1073 4252 poterst3
1099 4193 1167 4246 tum,
1192 4189 1259 4249 quod
1279 4189 1359 4250 ipsum
1378 4189 1428 4236 hoc
1447 4204 1500 4236 non

376 4268 514 4317 doctrinam
540 4268 594 4317 aliis
616 4268 699 4317 verbis
719 4268 822 4330 exponit
839 4282 914 4330 supra
962 4268 1131 4330 quaerendum
1146 4272 1199 4315 erat
1208 4266 1235 4315 in
1243 4267 1408 4315 controversia
1418 4268 1499 4328 sacti.

376 4348 448 4405 §ta
615 4408 619 4412 .
839 4395 842 4405 ,
999 4344 1501 4407 [detmnrte5]—[deavaritia;]—[de

411 4428 467 4475 rar.
486 4426 551 4473 nasu
561 4425 713 4488 pertinebat.
748 4424 788 4473 sse
802 4410 869 4472 ersis
883 4425 914 4473 ae
964 4424 1113 4473 carnunto
1132 4426 1158 4471 er
1178 4424 1251 4471 maru
1270 4423 1388 4483 aucun]
1408 4451 1444 4459 -
1459 4423 1502 4485 [ae

377 4518 446 4561 meo,
468 4504 559 4566 qnippe
575 4502 756 4566 postulabatur.
790 4501 861 4550 Libri
872 4504 915 4551 vel
961 4516 1050 4566 penore
1071 4502 1194 4562 testium}
1229 4502 1355 4551 Assentior
1376 4502 1501 4563 Kaysero,

374 4582 501 4641 pertinet,
522 4584 563 4631 vel
576 4582 720 4643 pertineat,
735 4595 839 4642 quorum
853 4582 913 4630 alte·
965 4582 1026 4629 haec
1046 4581 1127 4629 omnis
1148 4581 1297 4642 interpolata
1317 4594 1382 4628 esse:
1404 4586 1430 4629 et
1444 4586 1501 4628 sunt
1604 4646 1605 4649 Ἴ
