3242 5500
1207 542 1274 611 391

155 735 188 782 ll.
208 739 221 792 5
241 731 296 780 157.
323 730 426 788 Notavi,
444 728 573 790 inquibus
588 733 748 791 usurparetur
765 731 897 778 clarissimi
910 731 1055 793 appellatio:
1075 731 1276 793 conf.supra,1.

321 814 333 868 5
349 810 407 857 253.
425 809 495 858 Orat.
510 812 522 866 5
539 809 594 854 142.
609 809 642 856 ad
656 808 714 856 niv.
729 809 761 856 X.
777 811 817 856 25.
834 812 858 856 2.

155 892 188 938 ll.
208 895 220 948 5
241 889 269 938 17
273 892 296 938 6.
321 888 403 936 Minus
424 892 491 936 recte
513 887 564 935 diri
581 887 612 934 de
625 887 670 934 illa
683 887 819 948 particula,
835 901 908 950 quam
923 889 1149 937 demonstraveram
1162 903 1212 937 non
1227 903 1279 939 esse

320 967 393 1014 huius
411 966 475 1022 loci,
501 980 556 1014 eam
575 966 733 1014 inserendam
752 980 805 1014 esse
827 970 839 1024 5
863 968 927 1024 184,
952 971 1006 1028 post
1029 967 1095 1015 hane
1118 967 1278 1025 sententiam,

318 1059 407 1107 penore
418 1046 483 1092 enim
494 1058 587 1092 —erae
601 1043 739 1102 maman,
755 1059 833 1106 quum
849 1045 987 1094 debuissem
1002 1045 1109 1094 scribere
1123 1059 1178 1094 eam
1190 1045 1279 1095 substi-

291 1159 295 1164 ,
318 1124 437 1173 tuendam
454 1137 507 1172 esse
527 1123 577 1171 illis
597 1122 689 1171 verbis.
724 1125 754 1172 In
772 1123 856 1173 verbis
874 1124 946 1186 ipsis,
965 1126 1060 1186 qualem
1079 1140 1105 1172 ee
1117 1125 1194 1173 rideri
1206 1126 1278 1182 velit,

322 1203 441 1265 suspicari
456 1202 515 1250 licet
533 1201 596 1250 illud
616 1202 694 1249 rideri
712 1202 890 1264 interpolatum
911 1218 977 1252 esse:
997 1203 1063 1252 conf.
1077 1217 1140 1264 quae
1154 1203 1235 1252 notavi
1249 1204 1280 1252 ad

321 1283 343 1330 1.
358 1285 370 1339 5
387 1283 443 1329 112.

156 1364 191 1410 ll.
210 1366 223 1419 5
244 1362 298 1410 190.
325 1360 398 1419 Quod
425 1361 491 1407 lente
504 1360 581 1420 ferre
604 1359 728 1408 vindicavi
747 1359 860 1408 absolute
878 1360 971 1408 dictum
992 1361 1044 1409 siue
1063 1360 1148 1408 addito
1169 1359 1279 1418 obiecto,

322 1452 472 1499 quamquam
486 1444 523 1486 est
536 1437 578 1485 ubi
592 1438 640 1486 hoc
653 1438 711 1486 addi
717 1442 830 1500 oporteat
838 1443 874 1499 (ut
882 1441 933 1488 Att.
943 1440 993 1496 ΙΙ.,
1014 1440 1052 1486 13.
1062 1438 1109 1503 2.),
1123 1441 1282 1488 confirmatur

322 1517 396 1565 simili
415 1516 476 1574 hoc,
501 1531 578 1577 quum
598 1517 689 1565 dicitur
713 1518 778 1564 lente
796 1532 882 1580 opere,
901 1518 933 1565 de
952 1532 1000 1578 quo
1019 1517 1119 1566 memini
1137 1533 1176 1566 me
1191 1517 1281 1568 alicubi

322 1600 407 1644 notare
424 1596 455 1643 ad
466 1597 539 1646 Rosc.
554 1596 639 1644 Amer.
653 1598 710 1652 26.,
729 1600 754 1644 et
765 1596 832 1656 quod
847 1595 931 1644 Livius
946 1595 1057 1657 sequitur
1068 1598 1087 1645 1.
1102 1596 1140 1643 10.
1155 1598 1180 1643 2.

156 1678 191 1724 ll.
210 1680 222 1734 5
244 1677 299 1724 193.
322 1675 396 1733 Quod
408 1674 534 1723 vindicavi
547 1675 618 1722 illum
631 1675 771 1734 ceperim,
786 1688 846 1734 prae
860 1674 924 1721 illud
935 1688 973 1732 o.,
989 1675 1083 1724 contuli
1097 1689 1155 1722 cum
1163 1676 1282 1740 Madvigii

321 1753 413 1802 iudicio
426 1754 457 1802 de
470 1755 527 1801 loco
541 1752 645 1801 Liuiano
660 1753 738 1801 XLV.
754 1754 778 1799 4.
793 1754 809 1798 4
824 1752 960 1815 (Emendd.
976 1753 1031 1802 Liv.
1044 1770 1068 1816 p.
1084 1755 1151 1814 593),
1166 1753 1210 1802 ubi
1221 1755 1283 1802 haec

322 1831 399 1880 verba
419 1832 451 1879 de
471 1832 549 1879 Paulo
570 1830 677 1880 Aemilio
696 1835 822 1892 prostant:
841 1831 972 1892 postquam
989 1845 1070 1896 repens
1083 1834 1175 1881 Persen
1189 1835 1282 1882 consuti

323 1912 401 1958 Paulo
419 1911 525 1958 rubetam
539 1909 607 1970 tepit.
642 1911 672 1957 In
690 1910 741 1966 his,
755 1915 857 1970 propter
873 1911 1060 1969 Accusativum,
1076 1927 1176 1974 prorsus
1190 1912 1284 1960 scilicet

324 2003 441 2051 perverse
462 1989 585 2050 positum,
606 1988 696 2051 corrigi
717 1989 772 2036 vult
790 1988 947 2051 Madvigius,
963 1991 1096 2052 postquam
1109 2006 1125 2038 o
1137 2004 1194 2054 repe
1209 1991 1284 2038 Perae

324 2069 418 2115 consuti
437 2068 467 2114 P.
478 2067 585 2115 satutem
599 2067 667 2130 tepit.
688 2067 798 2115 Primum
813 2079 919 2128 quaero,
934 2068 954 2115 ai
968 2081 1049 2128 repam
1063 2071 1153 2117 Peraea
1167 2072 1225 2131 tepit
1237 2071 1282 2117 im·

324 2144 480 2208 probandum
500 2150 552 2203 est,
573 2159 622 2206 quo
643 2145 717 2193 modo
735 2145 883 2193 defendatur
897 2146 1002 2193 satutem
1017 2148 1094 2210 lepit?
1129 2149 1207 2206 Tum,
1222 2162 1283 2209 quo-

324 2226 391 2273 niam
410 2240 462 2273 non
481 2225 529 2272 alia
548 2225 580 2272 de
597 2238 670 2272 causa
689 2224 743 2272 risit
755 2224 890 2281 Aemilius,
906 2239 979 2285 quam
994 2227 1061 2286 quod
1074 2227 1099 2273 in
1113 2227 1166 2288 ipsa
1179 2227 1282 2289 inscrip-

324 2304 391 2352 tione
410 2305 510 2351 illarum
532 2303 657 2352 literarum
679 2301 821 2351 offendebat
843 2317 934 2352 nomen
954 2306 1030 2365 repta,
1055 2320 1104 2366 quo
1121 2320 1147 2354 se
1161 2310 1212 2354 tum
1227 2306 1284 2355 satis

323 2383 427 2431 ridicule
448 2380 552 2430 ornabat
572 2383 673 2439 Perses,
687 2386 755 2429 recte
769 2381 858 2429 Latine
871 2382 953 2443 ipsum
966 2383 1029 2430 illud
1042 2382 1193 2432 vocabulum
1208 2384 1284 2448 signi-

325 2463 399 2509 ficare
412 2460 540 2509 dicebatur
548 2463 681 2522 postquam
694 2475 775 2524 repam
789 2461 881 2508 Peraea
895 2461 962 2524 lepti,
978 2463 1044 2522 quod
1059 2465 1152 2510 Graece
1161 2463 1284 2511 diceretur

326 2544 352 2585 τὸ
368 2542 463 2604 Πέρσιυς
476 2539 582 2606 βασιλεὺς
596 2535 714 2598 ἀναγνούς.

159 2621 194 2667 ll.
212 2625 225 2676 5
246 2621 301 2667 197.
324 2617 420 2674 Verba,
435 2620 462 2665 et
476 2618 619 2679 quaestore,
633 2615 737 2666 fortasse
751 2616 920 2666 defenduntur
934 2618 992 2665 coll.
1007 2618 1085 2676 infra,
1103 2623 1114 2677 5
1130 2621 1187 2668 202.
1203 2622 1245 2668 tin.

161 2699 195 2746 ΙΙ,
215 2703 227 2757 5
247 2699 303 2746 198.
326 2699 367 2744 oin
384 2697 413 2744 ut
431 2696 490 2744 mibi
512 2697 594 2744 tenuit
611 2697 729 2759 quaedam
750 2697 819 2745 nenia
843 2696 948 2743 duretur
968 2696 1147 2756 enarrationis,
1169 2700 1234 2760 quod
1246 2699 1283 2748 to·

326 2791 380 2823 men
393 2804 435 2824 -.
451 2775 589 2837 improprie
603 2774 731 2824 Genitivus
745 2776 787 2823 ille
800 2775 912 2838 iungitur
926 2790 981 2824 oum
996 2776 1073 2825 uentu.
1088 2778 1185 2838 Aptius,
1201 2779 1284 2835 credo,

328 2857 437 2918 legetur,
452 2854 590 2902 remeanti.

162 2936 198 2982 ll.
217 2940 229 2991 5
248 2936 306 2982 202.
329 2934 403 2992 Quod
416 2933 604 2980 odnudiendum
612 2930 661 2980 dixi
668 2930 947 2994 Passireaccipiendum
956 2947 1017 2992 esse,
1032 2948 1086 2982 eam
1093 2936 1206 2996 syntaxin
1215 2950 1282 2984 eom-

327 3011 476 3059 mandarunt
488 3010 535 3058 viri
548 3010 628 3068 docti,
641 3009 743 3057 indicati
756 3024 771 3057 a
784 3011 934 3060 Ruhnkenio
948 3013 1283 3063 adVell.Patcrc.Il.15.l.

158 3095 196 3139 11.
217 3096 229 3150 i
249 3093 306 3139 214.
323 3090 381 3137 vid.
395 3090 427 3137 nd
442 3089 491 3137 111.
507 3094 519 3147 i
536 3090 591 3136 151.
808 3148 811 3153 Ι

155 3172 193 3218 ii.
213 3176 226 3229 5
244 3172 299 3216 225.
322 3171 394 3229 partu
406 3168 471 3216 omni
485 3170 511 3216 et
523 3168 671 3215 imminenti.
705 3166 815 3215 Probare
829 3182 879 3217 non
894 3182 993 3229 possum
1008 3170 1073 3230 quod
1088 3170 1221 3220 Pideritius
1236 3187 1289 3219 ser-

326 3248 393 3295 vavit
412 3252 453 3307 (ex
475 3262 525 3295 uno
544 3247 611 3305 cod.)
627 3259 652 3307 p.
666 3259 689 3293 o.
704 3248 726 3293 ei
740 3247 891 3305 imminenti,
909 3249 1037 3309 multoque
1052 3250 1132 3297 minus
1146 3250 1222 3299 totius
1238 3252 1287 3299 loci

326 3325 570 3387 interpretationem,
588 3325 615 3373 in
629 3326 705 3373 Novis
723 3324 862 3373 Annalibus
877 3326 1021 3388 expositam.
1057 3327 1119 3374 Mihi
1135 3343 1201 3378 nunc
1217 3330 1285 3378 inex·

326 3403 442 3465 plicabile
456 3408 493 3453 est
507 3404 567 3465 quid
580 3403 611 3451 sit
622 3406 706 3467 pertua
719 3405 813 3452 omnia.-
833 3410 857 3452 et
871 3408 1023 3466 postremum
1041 3406 1191 3455 vocabulum
1207 3409 1286 3470 suspi-

327 3496 370 3531 cor
389 3482 487 3532 initium
505 3496 559 3532 esse
575 3496 667 3544 pravae
683 3482 810 3540 lectionis,
826 3497 900 3544 quam
915 3484 996 3532 statim
1011 3486 1135 3546 exceperit
1148 3501 1223 3544 vera,
1241 3489 1286 3534 im·

328 3563 439 3610 minanti.

157 3645 195 3692 ll.
215 3646 226 3701 5
245 3644 302 3689 229.
325 3640 389 3701 Hic,
409 3654 483 3703 quom
502 3640 630 3689 nwbbaet
650 3641 702 3700 pire
726 3641 829 3689 erarem
850 3668 891 3687 —-.
927 3641 1050 3698 Primum,
1064 3643 1176 3691 tollenda
1191 3643 1287 3705 virgula

327 3724 383 3783 post
396 3722 471 3769 Pron.
486 3721 540 3769 bic:
557 3725 624 3778 tum,
641 3719 724 3767 Ornet
737 3733 829 3767 nomen
843 3719 999 3768 eiiciendum.
1035 3721 1113 3769 Plane
1127 3720 1212 3770 similis
1226 3724 1287 3773 ratio

327 3800 400 3849 huius
413 3801 478 3857 loci,
494 3814 556 3861 quae
571 3800 620 3847 Ill.
637 3803 650 3858 5
666 3797 707 3845 46.

156 3883 195 3929 11.
216 3885 228 3938 5
247 3880 305 3928 239.
329 3879 524 3942 Corrigendum,
541 3878 678 3927 secundum
693 3874 785 3934 libros,
800 3878 827 3924 in
841 3891 887 3938 qno
901 3891 948 3925 non
962 3879 1031 3926 modo
1046 3879 1111 3927 iilud
1123 3907 1163 3927 -.

156 3962 196 4010 ll.
216 3965 228 4017 5
247 3961 304 4007 249.
328 3974 359 4006 en
379 3959 466 4006 iisdem
486 3960 568 4006 autem
590 3958 648 4004 loris
669 3958 807 4004 nascuntur
821 3958 911 4004 omnia.
946 3956 1053 4005 Orellius
1068 3958 1172 4015 merito,
1188 3962 1215 4006 ut
1228 3958 1287 4005 mihi

329 4038 439 4094 ridetur,
461 4037 567 4085 offensus
590 4039 627 4084 est
648 4034 693 4083 illo
706 4035 802 4082 mnia.-
819 4048 869 4083 non
883 4039 967 4083 tamen
981 4035 1075 4097 accipio
1089 4037 1141 4085 eius
1156 4042 1286 4089 correctio-

330 4130 402 4173 nem,
417 4119 445 4163 ut
457 4117 555 4179 legatur
568 4114 618 4163 aba
632 4114 720 4162 omnio.
739 4113 788 4161 Sed
802 4112 959 4162 manifestum
973 4126 1025 4161 esse
1040 4120 1101 4175 puto
1114 4117 1288 4166 nullamaliam

328 4194 475 4243 sententiam
498 4194 525 4241 h.
546 4195 563 4241 l.
585 4191 707 4240 enuntiari
727 4191 850 4253 potuisse,
872 4191 919 4240 nisi
940 4191 1019 4249 hanc,
1043 4207 1075 4240 en
1092 4195 1179 4242 iisdem
1194 4198 1251 4245 toria
1265 4200 1290 4245 et

328 4274 413 4332 pranis
434 4274 502 4321 nasei
522 4275 548 4321 et
562 4271 685 4325 ridicula,·
699 4271 766 4331 quod
778 4274 863 4317 tamen
877 4270 925 4319 isto
939 4270 1013 4319 modo
1027 4271 1110 4321 dicere
1126 4288 1176 4321 non
1189 4274 1288 4324 licebat.

331 4353 463 4412 Quumque
483 4352 531 4399 hoc
551 4350 617 4398 idem
637 4348 712 4396 modo
733 4349 827 4397 dietum
848 4349 878 4397 sit
898 4352 1074 4414 (quoecumque
1095 4356 1158 4401 locor
1172 4381 1205 4389 -
1217 4368 1290 4413 poure

331 4429 412 4488 duct),
435 4430 551 4491 equidem
572 4429 618 4476 ista
637 4426 775 4475 abiicienda
795 4428 892 4489 potius,
916 4442 989 4490 quem
1010 4429 1094 4479 nescio
1115 4446 1163 4492 qua
1184 4437 1236 4481 arte
1254 4432 1288 4481 ita

330 4510 490 4573 corrigenda,
505 4512 533 4557 ut
546 4520 618 4557 suum
631 4508 714 4555 locum
729 4509 797 4555 recte
808 4510 933 4555 tueantur.

162 4590 199 4638 11.
219 4594 231 4647 5
250 4590 309 4635 250.
332 4586 454 4646 Africano
467 4588 505 4635 itti
519 4587 616 4635 maiori.
649 4585 716 4633 Vitio
730 4599 821 4647 operae
839 4592 1013 4648 expresserunt
1027 4589 1077 4636 illo.
1109 4590 1138 4637 ln
1154 4588 1207 4637 aliis
1221 4587 1288 4636 libris
