3242 5500
467 553 578 603 mann
604 554 754 603 paruus.
783 538 800 617 §
826 535 908 604 234.
1065 624 1069 630 ι
1182 537 1251 607 103

130 728 194 813 de,
218 727 375 824 quodin
401 750 441 797 ea
466 733 507 797 tu
531 726 612 822 plus
634 749 758 821 operae
775 724 974 821 laborisque
986 749 1247 813 oonsumnmm,

129 860 238 932 quum
263 835 394 907 eiust
364 835 470 907 studii
493 833 618 907 lbl
584 842 618 907 e
641 834 756 907 hortat
741 842 827 906 tore
828 835 1021 930 magister
1033 843 1125 907 esset
1137 835 1245 923 domr

131 946 256 1017 veritus
293 970 349 1029 es,
374 944 445 1016 nisi
469 944 572 1017 istam
596 953 707 1017 artem
731 944 888 1017 oratione
912 967 1175 1039 exaggerasses,
1202 969 1247 1017 ne

130 1079 267 1150 operam
291 1053 514 1150 perdidisses
567 1020 664 1125 Sed
660 1077 725 1148 ego
749 1077 794 1124 ne
819 1077 899 1124 eum
924 1053 991 1125 ista
1014 1052 1159 1149 quidem
1172 1063 1246 1127 erte
1273 1082 1320 1129 sss

131 1186 265 1258 pugno:
293 1165 338 1236 sit
361 1187 444 1234 sane
466 1169 584 1248 t‚anta
610 1170 721 1257 quant
722 1186 779 1235 am
802 1169 845 1234 tu
802 1162 963 1234 tillem
981 1187 1057 1233 esse
1073 1163 1145 1235 vis:
1172 1171 1244 1236 ete·

130 1272 200 1344 nim
229 1274 306 1345 sine
334 1272 568 1345 oontroversia
597 1280 632 1343 et
661 1295 790 1366 magna
820 1278 890 1357 est,
922 1279 956 1343 et
980 1271 1047 1343 late
1072 1280 1185 1366 patet,
1213 1281 1246 1345 et

128 1382 170 1452 ad
199 1382 329 1455 multos
358 1382 530 1479 pertinet,
556 1388 589 1453 et
614 1405 751 1453 summo
775 1378 814 1452 in
838 1380 970 1452 honore
995 1404 1132 1476 semper
1155 1382 1244 1469 init,

127 1498 160 1561 et
183 1491 366 1564 clarissimi
390 1491 483 1564 cives
508 1491 541 1562 ei
565 1490 683 1562 studio
708 1491 814 1562 etiem
838 1488 943 1562 hodie
965 1499 1156 1586 praesunt:
1183 1491 1246 1564 sed

127 1600 221 1686 vide,
249 1600 393 1696 Crasse,
420 1625 486 1687 ne,
513 1601 599 1672 dum
623 1624 713 1671 novo
737 1607 772 1671 et
796 1598 912 1671 alieno
936 1606 1064 1671 ornatu
1086 1600 1172 1672 velis
1190 1625 1244 1672 or·

126 1734 204 1781 nare
227 1710 316 1782 iuris
341 1710 453 1783 civilis
478 1709 681 1795 seientiam,
708 1733 771 1781 suo
796 1732 938 1805 quoque
972 1732 1049 1781 eem
1082 1733 1246 1782 concesso

124 1825 157 1889 et
192 1819 321 1891 tradito
355 1820 482 1915 spolies
507 1827 612 1915 atque
636 1818 805 1890 denudes.
843 1818 937 1890 Nam
961 1818 991 1890 si
1015 1818 1066 1889 ita
1090 1818 1242 1905 diceres,
1271 1837 1319 1884 aas

124 1928 181 2022 qui
205 1929 292 2001 iuris
310 1929 492 2001 consultus
513 1936 623 2015 esset,
651 1953 726 2000 esse
750 1952 832 1999 eum
859 1935 1051 2013 oratorem,
1071 1928 1243 2024 itemque,

124 2037 181 2131 qui
210 2047 303 2111 esset
332 2046 466 2124 orator,
498 2039 584 2110 iuris
614 2038 766 2109 eundem
795 2062 872 2109 esse
895 2037 1116 2123 consultum;
1144 2062 1242 2133 pree·

123 2146 225 2218 claras
255 2147 345 2220 duas
374 2156 466 2220 artes
498 2147 748 2232 constitueres,
775 2154 880 2242 atque
904 2146 997 2218 inter
1021 2170 1059 2217 so
1082 2170 1182 2241 pares
1207 2156 1244 2220 et

123 2255 275 2328 eiusdem
314 2257 424 2329 socias
455 2257 659 2352 dignitatis:
691 2280 787 2327 nune
816 2279 896 2327 vero
925 2254 1012 2327 iuris
1043 2256 1242 2327 consultum

124 2365 193 2435 sine
228 2365 294 2438 hae
332 2367 555 2462 eloquentia,
594 2367 637 2438 de
667 2390 736 2462 que
765 2364 987 2461 quaerimus,
1018 2364 1135 2437 lateris
1167 2389 1243 2437 esse

123 2497 237 2568 posse,
272 2476 454 2572 fuisseque
485 2475 675 2571 plurimos,
702 2482 874 2546 oratorem
898 2497 1024 2569 negas,
1050 2474 1121 2546 nisi
1144 2475 1243 2547 illem

123 2584 301 2657 scientiam
325 2585 548 2671 assumserit,
576 2609 651 2656 esse
674 2608 787 2680 posse.
817 2584 871 2655 Ite
894 2591 946 2655 est
970 2582 1038 2655 tibi
1061 2584 1241 2657 iuriscon-

123 2693 229 2766 sultus
256 2694 336 2791 ipse
364 2718 427 2791 per
457 2718 493 2766 se
518 2693 628 2780 nihil,
654 2694 724 2768 nisi
749 2692 923 2790 leguleius
948 2693 1093 2790 quidam
1116 2701 1240 2767 cautus

122 2811 152 2874 et
168 2818 309 2890 acutus,
334 2829 458 2900 praeeo
478 2805 677 2890 actionum,
699 2812 821 2876 cantor
840 2804 1087 2888 formularum,
1112 2827 1239 2900 auceps

123 2913 349 3006 syllabarum:
377 2913 457 3000 sed,
477 2915 561 3011 quis
580 2937 682 3009 saepe
704 2913 817 2986 utitur
839 2922 954 2987 orator
979 2911 1138 2984 subsidio
1150 2913 1239 2986 iuris

122 3021 155 3092 in
183 3024 318 3110 causis,
358 3023 487 3096 idcireo
511 3024 616 3096 istam
644 3018 764 3118 [iuris]
792 3024 976 3095 seientiam
1001 3023 1237 3118 eloquentiae,

122 3140 295 3228 tamquam
320 3134 522 3207 ancillulam
550 3132 886 3229 pedissequamque,
912 3131 1117 3204 adiunxisti.

166 3241 270 3317 Quod
301 3267 380 3316 vero
409 3243 668 3340 impudentiam
692 3242 886 3314 admiratus
910 3267 947 3313 es
972 3265 1093 3314 eorum
1118 3248 1233 3337 petro·
1261 3239 1307 3310 56

121 3372 259 3440 norum,
286 3353 351 3449 qui
375 3360 452 3438 eut,
479 3376 590 3448 quum
614 3375 720 3450 parva
732 3351 926 3437 nescirent,
952 3374 1081 3445 magna
1093 3351 1234 3445 profite·
1262 3365 1310 3416 237

357 3541 400 3548 —...

121 3654 179 3688 nune
191 3641 256 3690 dicet
269 3640 399 3688 videbam?
417 3646 484 3700 tum,
498 3641 541 3690 ubi
555 3647 592 3691 est
604 3641 649 3690 ob·
731 3644 804 3690 iatam
829 3641 916 3703 [turta]
937 3641 1074 3687 rotenttnm.
1113 3639 1236 3688 Omitten-

119 3716 200 3767 tectum
213 3719 284 3768 verbi
299 3720 416 3768 dicebant
698 3722 757 3769 dum
771 3724 808 3768 est
820 3720 884 3766 illud
898 3720 977 3775 iuria,
990 3718 1074 3778 inepte
1087 3716 1211 3766 iteratum.

149 3798 302 3858 incomptam.
327 3798 521 3847 Praeferendum
534 3799 583 3847 hoo
596 3803 649 3848 erat
731 3800 787 3849 237.
820 3797 997 3858 impudentiam
1029 3795 1169 3844 admiratus
1201 3812 1234 3844 ee.

119 3875 181 3922 elteri
194 3877 377 3934 incomitatam,
395 3869 497 3938 propter
512 3877 568 3924 dote
582 3879 646 3926 toen-
697 3879 766 3926 Sicut
785 3878 839 3925 aliis
857 3877 884 3924 in
904 3876 965 3923 loeis
983 3873 1107 3932 indicavi,
1127 3874 1162 3921 ita
1174 3875 1200 3922 h.
1215 3876 1233 3924 l.

116 3953 220 4008 putante
240 3960 265 4003 et
285 3955 391 4002 ornandi
404 3955 494 4013 verba,
513 3971 576 4016 quae
590 3971 648 4004 mox
697 3957 769 4004 decet
795 3956 900 4016 simplex
925 3954 1033 4000 miratus
1051 3967 1078 3999 ee
1097 3966 1234 4015 reponere,

119 4038 248 4091 ponuntur,
270 4039 297 4082 et
318 4034 385 4094 quod
405 4035 473 4082 Orat.
495 4037 507 4092 ξ
531 4033 561 4082 78
579 4035 647 4082 inor·
696 4034 767 4083 sicuti
781 4049 839 4082 mox
851 4038 919 4082 reete
932 4031 1072 4079 mirandum
1085 4037 1205 4080 servatur.

120 4113 172 4156 nota
190 4117 213 4159 et
230 4113 357 4172 incompta
370 4112 509 4173 promiscue
522 4112 646 4160 dicuntur.
730 4127 792 4175 quae
811 4111 919 4159 munima
939 4112 1020 4158 essent
1039 4110 1066 4157 in
1084 4111 1141 4156 iure
1159 4109 1234 4158 civiti.

149 4189 201 4236 236.
220 4191 277 4250 qnia
290 4192 552 4251 saepentttnrorator.
572 4192 646 4240 Com·
696 4192 746 4240 Sed
765 4191 829 4238 nihil
848 4203 963 4254 mapnnm
979 4188 1101 4250 appellari
1114 4192 1195 4249 potest
1208 4188 1236 4234 tn

119 4267 285 4316 mandaveram
297 4271 400 4326 utatur,
415 4267 647 4330 quodistaeCrassi
695 4272 751 4318 iure
771 4270 852 4327 civiti,
873 4273 902 4316 ut
921 4281 1002 4328 neque
1018 4281 1132 4326 parvum.
1172 4265 1236 4314 Fieri

119 4341 249 4393 dicerentur
269 4347 399 4396 sententia.
435 4334 508 4396 Nunc
520 4362 571 4396 non
584 4364 646 4410 opus
695 4351 777 4411 potest
796 4353 825 4396 ut
842 4347 961 4408 seriptum
973 4345 1063 4402 inerit,
1079 4345 1234 4405 quoepoaita

119 4433 165 4469 ense
183 4437 305 4486 agnoscor
327 4429 353 4473 et
372 4427 420 4474 elia
440 4427 520 4474 forma
539 4431 576 4475 est
589 4441 645 4475 sen·
695 4427 776 4474 essent
790 4427 817 4472 in
830 4427 885 4473 iure
898 4425 971 4473 civiti

118 4500 200 4548 tentiae
219 4502 285 4550 infra
300 4508 313 4561 5
328 4504 388 4562 247,
405 4503 533 4563 ubirecte,
549 4507 646 4567 qnin—
729 4519 803 4566 quom
817 4519 846 4552 ea
862 4502 1010 4565 [nescirent]
1027 4514 1157 4562 numquam
1169 4499 1233 4547 didi-

116 4581 307 4637 proposuerint.
695 4584 792 4631 omnent.
830 4581 945 4642 Plerique
969 4578 1025 4628 libri
1046 4594 1233 4641 numquamque.
