3242 5500
389 529 460 599 250
702 544 816 595 runnu
841 544 1044 595 suconnos.
1074 528 1091 607 §
1117 526 1200 595 320.

386 720 569 816 gnitatem.
598 718 667 789 Sed
691 726 849 813 oportet,
877 725 917 790 ut
941 715 1088 790 aedibus
1112 742 1152 789 ac
1175 717 1318 812 templis
1343 716 1510 789 vestibula

386 838 422 901 et
441 827 575 914 aditus,
596 828 645 899 sic
670 827 783 901 causis
807 826 981 922 principie
1005 826 1250 921 proportione
1274 850 1395 897 rerum
1417 850 1510 921 prae·

385 962 526 1034 ponere.
578 937 703 1033 Itaque
727 936 764 1010 in
789 936 905 1031 parvis
928 944 1035 1031 atque
1059 934 1318 1037 infreqentibus
1341 934 1509 1007 causisab

311 1080 356 1126 an
385 1047 461 1143 ipsa
482 1072 520 1120 re
545 1054 598 1120 est
620 1046 771 1119 exordiri
793 1070 896 1141 saepe
918 1045 1147 1119 commodius,
1196 1045 1283 1131 Sed,
1310 1070 1423 1140 quum
1447 1033 1522 1117 erit'

386 1157 556 1231 utendum
585 1156 757 1251 principio
785 1155 896 1251 (quod
920 1154 1129 1251 plerumque
1154 1155 1255 1243 erit),
1281 1165 1344 1228 aut
1369 1179 1414 1227 ex
1435 1178 1507 1239 reo,

385 1274 447 1338 ant
479 1290 522 1337 ex
552 1265 766 1356 adversarie,
800 1275 862 1337 aut
894 1290 937 1337 ex
966 1289 1024 1350 re,
1050 1272 1112 1336 aut
1137 1288 1180 1337 ex
1204 1266 1269 1351 iis,
1299 1264 1398 1361 apud
1422 1289 1507 1362 quos

385 1383 526 1469 agetur,
561 1375 753 1447 sententias
783 1374 866 1445 duci
889 1373 1018 1446 licebit.
1070 1373 1126 1445 Ex
1148 1398 1208 1446 reo
1233 1370 1327 1469 [reos
1353 1374 1506 1471 appello,

385 1508 535 1580 quorum
563 1508 618 1555 res
644 1478 731 1579 esd,
758 1508 847 1579 quae
877 1484 1078 1577 significent
1099 1482 1235 1555 bonum
1259 1484 1397 1569 virum,
1422 1508 1508 1581 qnae

385 1592 586 1679 liberalem,
623 1616 714 1687 quae
750 1592 1015 1678 calamitosum,
1054 1617 1144 1689 qnae
1181 1593 1420 1666 misericordia
1458 1594 1506 1665 di·

385 1726 518 1797 gnum,
546 1726 636 1797 qnae
660 1703 798 1775 valeant
823 1708 943 1774 eontra
965 1702 1089 1774 falsam
1111 1702 1405 1775 criminationem.
1457 1702 1509 1773 Ex

312 1861 360 1909 3„
385 1811 599 1896 adversum,
636 1810 763 1884 iisdem
799 1836 843 1883 ex
877 1811 962 1884 locis
984 1812 1057 1884 tere
1079 1813 1262 1885 contraria.
1315 1811 1370 1883 Ex
1395 1835 1455 1895 re,
1481 1811 1508 1883 si
1612 1845 1613 1910 3

385 1920 556 2005 erudelis,
591 1921 621 1993 si
651 1920 823 2005 nefando,
857 1921 886 1993 si
919 1928 1057 2016 praeter
1079 1921 1305 2016 opinionem,
1332 1922 1363 1992 si
1386 1921 1507 1993 imme·

384 2031 470 2115 rite,
495 2028 524 2101 si
546 2028 692 2116 misera,
718 2030 747 2101 si
766 2030 923 2125 ingrate,
948 2030 978 2102 si
999 2029 1165 2125 indigna,
1191 2031 1221 2102 si
1241 2055 1352 2116 nova,
1376 2031 1508 2125 siquae

384 2138 523 2211 restitui
549 2139 734 2235 sanarique
759 2163 829 2211 non
857 2139 978 2234 possit.
1006 2138 1062 2211 En
1084 2140 1129 2211 iis
1153 2148 1290 2225 autem,
1312 2140 1411 2235 apud
1424 2164 1507 2235 quos
1612 2185 1613 2208 t

262 2327 266 2335 ,
355 2294 360 2305 ·
385 2256 526 2343 agetur,
563 2258 602 2320 nt
633 2248 821 2320 benevolos
844 2246 1005 2343 beneque
1029 2248 1272 2320 existimantes
1296 2250 1505 2331 efficiamus3

384 2358 480 2453 quod
510 2358 648 2452 egendo
679 2357 829 2430 efficitur
856 2356 1004 2441 melius,
1030 2380 1136 2452 quam
1160 2357 1329 2452 rogando.
1381 2354 1450 2430 Est
1472 2357 1506 2430 id

384 2466 529 2561 quidem
552 2467 591 2538 in
615 2474 724 2539 totam
750 2466 941 2538 orationem
953 2465 1260 2553 confundendum,
1283 2492 1349 2540 nec
1362 2468 1507 2540 minime

383 2575 419 2645 in
446 2583 656 2661 extremam3
684 2575 746 2648 sed
770 2585 889 2646 tamen
914 2575 1025 2648 multa
1048 2575 1223 2671 principia
1247 2601 1291 2648 ex
1315 2601 1357 2649 eo
1379 2600 1507 2672 genere

309 2730 356 2778 323
384 2684 592 2781 gignuntur.
621 2686 714 2758 Nam
739 2691 773 2757 et
796 2692 994 2771 attentum,
1021 2692 1167 2758 monent
1191 2686 1334 2773 Graeci,
1359 2686 1505 2784 utprin·

382 2795 473 2891 cipio
509 2796 676 2868 faciamus
709 2794 863 2866 iudicem
895 2802 930 2867 et
963 2794 1132 2868 docilem:
1165 2820 1256 2891 quae
1278 2795 1363 2867 sunt
1384 2797 1506 2882 utilia,
1611 2804 1612 2817 ¹

382 2904 443 2976 sed
467 2929 538 2976 non
561 2904 726 3001 principii
747 2904 861 2998 magis
884 2904 1044 3000 propria,
1070 2928 1177 2998 quam
1197 2904 1505 3003 reliquarumpar-

381 3013 490 3098 tium,
518 3013 671 3086 faciliora
695 3013 801 3084 etiem
822 3013 859 3084 in
884 3012 1084 3109 principiis,
1112 3013 1209 3108 quod
1229 3020 1266 3085 et
1287 3016 1506 3087 ettentitum

382 3123 533 3194 maxime
550 3131 652 3208 sunt,
681 3146 792 3217 quum
809 3121 927 3193 omnia
944 3129 1166 3217 exspectant,
1192 3129 1227 3195 et
1244 3122 1375 3196 dociles
1393 3124 1506 3220 magis

383 3473 491 3520 meatum
512 3473 537 3518 et
557 3471 718 3533 dr'pru'latem,¹
738 3469 754 3516 i.
774 3483 797 3517 e.
811 3469 919 3530 speciem
968 3469 1141 3525 distinctione,
1169 3473 1195 3517 et
1220 3469 1294 3518 nnius
1321 3471 1507 3521 Coniunctionis
1610 3468 1611 3475 ’

383 3554 520 3600 venustam.
968 3546 1122 3595 restitutione
1143 3546 1178 3594 sic
1196 3547 1298 3596 satisfiet
1311 3550 1416 3597 Antonii
1430 3551 1509 3600 eonn-

416 3631 473 3679 321.
494 3630 561 3690 [reos
578 3627 673 3687 appello
687 3639 790 3688 qaorum
803 3639 844 3673 res
857 3626 917 3686 est]
968 3625 1009 3672 lio:
1025 3625 1143 3686 quodetsr'
1150 3624 1409 3694 arendo-rapam,
1425 3631 1510 3691 estque

383 3710 462 3756 Nemo
477 3706 597 3767 amplius,
613 3705 703 3762 credo,
718 3702 816 3752 dubitat
828 3703 918 3752 istain·
968 3703 995 3750 ta
1015 3706 1069 3751 tota
1089 3702 1200 3750 oratione
1212 3703 1388 3764 suadendam,
1404 3709 1508 3755 mnri-

381 3786 504 3845 terpolata
518 3798 584 3833 esse:
599 3782 665 3831 confv
682 3788 694 3842 ξ
711 3784 766 3830 183.
968 3783 1033 3829 aime
1045 3783 1073 3829 ιἰι
1086 3783 1214 3839 extrema,
1231 3783 1315 3830 tamea
1329 3785 1409 3832 malta
1423 3814 1466 3834 -.
1480 3787 1508 3834 In

416 3864 473 3911 322.
499 3863 564 3925 qood
589 3862 680 3925 spendo
706 3861 814 3923 efflatur
833 3861 920 3908 melius
968 3858 1007 3908 his
1020 3859 1238 3921 coafiaendeodum,
1260 3863 1328 3922 quod
1345 3861 1376 3910 ab
1389 3862 1508 3912 hacsen·

382 3954 455 4003 quom
476 3941 592 4000 repando.
626 3941 657 3988 In
679 3939 725 3986 hac
739 3937 872 3986 verborum
880 3937 919 3985 di·
968 3937 1045 3986 tentia
1058 3937 1234 3986 alienissimum
1248 3944 1293 3997 est,
1308 3941 1400 3988 mutavi
1413 3941 1508 4001 insnu-

382 4017 513 4067 stinctione
521 4016 662 4066 debilitatur
670 4016 918 4080 insignitervisprae-
968 4015 1090 4074 dearum,
1111 4018 1226 4078 exemplo
1244 4017 1313 4076 eius,
1334 4019 1400 4079 quod
1419 4034 1508 4082 supra,
1609 4060 1610 4075 ,

381 4096 448 4158 cepti
462 4096 536 4145 modo
549 4095 637 4157 positi,
655 4096 681 4144 in
695 4110 745 4157 quo
758 4099 920 4157 praeceperat
969 4099 981 4153 5
997 4096 1059 4153 310,
1074 4095 1167 4143 dictum
1179 4100 1240 4145 erat.
1259 4095 1392 4145 contria.
1402 4098 1507 4158 V.§66.

382 4181 410 4224 nt
429 4176 455 4222 in
475 4174 598 4237 principio
615 4174 752 4222 sententiae
768 4174 919 4221 ducerentur
1002 4174 1059 4222 323.
1077 4189 1134 4220 nam
1148 4176 1174 4221 et
1186 4175 1384 4222 attentam-e!
1394 4175 1508 4225 docilem.

383 4269 414 4303 ex
432 4254 477 4311 iis,
496 4254 563 4317 apud
577 4267 637 4314 quos
652 4256 779 4316 ageretur,
793 4257 823 4300 nt
835 4251 862 4298 hi
875 4248 918 4298 be·
969 4252 1058 4312 Inepte
1077 4257 1114 4300 est
1135 4251 1160 4298 h.
1182 4253 1201 4300 l.
1219 4252 1264 4300 illa
1276 4253 1421 4312 disiunctio,
1437 4258 1465 4303 et
1477 4282 1510 4290 -

382 4333 466 4382 nevoli
486 4335 652 4381 efficerentur:
672 4330 712 4378 cui
725 4343 793 4378 nunc
806 4328 919 4386 subiicit,
969 4333 1003 4378 et.
1038 4329 1103 4387 Sed,
1131 4330 1333 4392 quandoquidem
1354 4334 1508 4382 Graecorum

382 4410 447 4460 istud
467 4411 555 4458 melius
567 4409 620 4458 fieri
633 4409 738 4470 offendo,
752 4408 769 4456 i.
785 4423 807 4456 e.
822 4421 867 4470 per
880 4412 919 4456 to·
968 4408 1143 4472 magistrorum
1156 4415 1318 4471 praeceptum
1331 4412 1442 4460 nonmio
1448 4427 1509 4462 con·

382 4495 433 4538 tam
454 4490 605 4546 orationem,
627 4502 701 4548 quam
715 4486 838 4550 repando,
853 4486 920 4546 quod
969 4486 1023 4534 silio
1044 4487 1135 4534 excitat
1156 4501 1230 4548 quam
1243 4494 1272 4537 ut
1285 4489 1405 4552 corrigat,
1420 4493 1508 4554 legen-

383 4583 433 4616 non
453 4568 499 4616 nisi
513 4568 538 4615 in
553 4566 674 4629 principio
688 4567 766 4614 fieret.
802 4566 920 4612 Correcta
969 4565 1027 4612 dum
1043 4570 1094 4622 est,
1110 4579 1166 4614 nam
1179 4567 1246 4626 qaod
1258 4568 1440 4617 πίθηαι-ι
1456 4575 1509 4618 tum
