3242 5500
351 551 384 595 vt
883 561 924 574 ·-

350 690 437 770 detur
462 709 498 768 de
525 706 672 768 industria
699 705 848 785 explicare
874 710 941 784 post
966 703 1167 779 Ellendtium,
1196 703 1388 782 maximeque
1407 708 1475 782 post

350 813 544 887 Pideritium,
587 829 714 890 quorum
747 815 877 889 uterque
910 808 1056 867 eiusmodi
1082 806 1339 866 Introductionem
1364 807 1474 883 edidit,

350 936 427 998 quae
454 915 572 976 abunde
598 915 760 976 satisfaciat
776 914 886 973 harum
904 912 1060 972 literarum
1076 911 1225 972 studiosis,
1266 911 1362 989 Igitur
1379 930 1475 990 pauca

348 1025 467 1080 tantum
482 1039 564 1079 nunc
580 1020 730 1096 attingere
747 1016 850 1092 lubet,
871 1017 903 1075 in
922 1015 1030 1094 quihus
1048 1014 1213 1094 paullulum
1232 1014 1270 1074 ab
1288 1015 1407 1074 illorum
1424 1034 1473 1075 ra·

349 1126 431 1185 tione
448 1123 575 1184 discedo.
617 1123 713 1197 Nam,
736 1141 830 1200 quum
849 1119 955 1180 Cicero
976 1119 1024 1179 bis
1040 1118 1077 1178 de
1093 1120 1202 1178 horum
1219 1118 1365 1178 librorum
1378 1120 1476 1178 forma

349 1229 517 1306 scripserit,
553 1227 685 1305 primum
714 1225 752 1284 ad
779 1223 960 1298 Lentulum,
990 1223 1092 1283 statim
1116 1229 1183 1301 post
1206 1222 1378 1283 absolutum
1401 1242 1475 1301 opus

350 1333 402 1412 (ad
427 1331 492 1392 Div.
517 1331 539 1390 l.
566 1331 594 1390 9.
620 1327 692 1409 23),
723 1334 806 1403 tum,
832 1328 946 1405 aliquot
963 1328 1050 1387 annis
1065 1333 1148 1405 post,
1170 1327 1207 1386 ad
1227 1326 1364 1387 Atticum
1380 1326 1474 1408 (Xlll.

349 1434 477 1515 191),
499 1440 528 1493 et
547 1432 707 1509 utrobique
724 1430 938 1508 significaverit
957 1448 989 1489 se
1007 1432 1207 1489 Aristotelem
1223 1449 1320 1488 acorem
1338 1437 1476 1490 secutum

350 1556 432 1614 esse,
462 1554 563 1596 errare
592 1535 666 1595 mihi
694 1534 814 1594 videtur
840 1532 1002 1593 Pideritius
1024 1533 1149 1614 (Introd.
1175 1554 1203 1612 p.
1227 1533 1293 1592 XII.
1318 1540 1379 1594 not.
1403 1534 1475 1614 45),

353 1661 446 1720 quum
468 1641 587 1715 statuit,
605 1657 666 1698 non
684 1637 791 1697 eodem
808 1637 898 1697 modo
917 1637 1077 1715 utrobique
1094 1638 1261 1697 Aristotele-i
1277 1639 1360 1696 azaria
1377 1638 1477 1717 appel-

352 1745 495 1804 lationem
520 1742 763 1820 intelligendam,
787 1747 817 1801 et
837 1741 869 1801 in
885 1741 935 1800 illa
955 1741 993 1800 ad
1012 1741 1176 1802 Lentulum
1197 1741 1321 1820 epistola
1341 1761 1402 1801 non
1418 1742 1477 1801 nisi

353 1854 568 1926 argumentum
593 1845 755 1924 significari
782 1845 876 1905 totius
893 1845 1008 1923 operiS,
1029 1845 1061 1903 in
1077 1844 1202 1923 epistola
1219 1851 1321 1905 autern
1340 1846 1379 1905 ad
1397 1846 1477 1906 Atti-

355 1973 423 2028 cum
452 1971 519 2012 cam
545 1952 673 2011 formam
698 1950 923 2029 disputationiS,
948 1955 983 2009 ut
1005 1967 1099 2027 penes
1116 1949 1215 2028 ipsum
1233 1956 1312 2010 esset
1328 1950 1478 2029 principa-

354 2063 410 2117 tus
452 2055 646 2115 Manifestum
674 2073 740 2113 esse
765 2058 858 2132 puto,
880 2053 911 2112 in
928 2053 979 2112 illa
995 2054 1034 2112 ad
1049 2053 1228 2130 Lentulum,
1249 2054 1341 2114 verba
1361 2056 1477 2114 Aristo-

353 2164 422 2220 telea
449 2179 521 2218 more
544 2158 684 2238 explicari
703 2158 767 2233 his,
790 2175 868 2235 quae
884 2157 987 2218 statim
1004 2156 1218 2239 subiiciuutur,
1238 2160 1270 2218 ia
1287 2159 1478 2234 disputatione

355 2285 389 2323 ac
412 2265 539 2339 diciopo,
561 2269 651 2341 atque
678 2262 715 2322 ab
742 2281 777 2320 ea
794 2262 891 2321 forma
910 2261 1054 2338 distingui
1073 2261 1241 2321 doctrinam
1256 2264 1353 2341 ipsam
1371 2282 1477 2323 eorum

353 2367 511 2443 librorum,
532 2368 583 2444 qui
598 2385 698 2426 omnem
715 2366 918 2425 Aristoteleam
933 2372 962 2423 et
978 2366 1152 2424 Isocrateam
1167 2367 1302 2425 rationem
1318 2371 1476 2442 conquccte-

352 2478 458 2530 rentur.
500 2470 706 2548 Principatum
729 2476 833 2529 autem
859 2469 944 2528 illum
961 2487 1054 2546 quare
1070 2468 1177 2529 Crasso
1197 2475 1228 2529 et
1245 2470 1396 2548 Antonio,
1418 2473 1477 2532 dis-

354 2575 475 2634 tributis
494 2574 647 2652 partibus,
670 2573 859 2633 committere
875 2572 1032 2648 maluerit,
1054 2590 1145 2650 quam
1162 2574 1225 2652 ipse
1241 2575 1297 2634 sibi
1309 2576 1476 2652 vindicare,

356 2679 509 2757 eleganter
518 2678 651 2738 defendit
659 2679 691 2736 in
700 2676 888 2755 singulorum
906 2676 1052 2736 librorum
1068 2678 1242 2756 prooemiis:
1263 2684 1413 2739 ettamen
1424 2699 1477 2739 ne-

356 2803 405 2843 mo
421 2802 567 2861 umquam
585 2782 750 2857 dubitavit,
772 2782 845 2861 quin
863 2800 949 2841 suam
968 2782 1031 2860 ipse
1049 2783 1230 2843 sententiam
1254 2803 1308 2863 per
1332 2786 1397 2844 illas
1410 2804 1477 2863 per·

355 2906 443 2948 sonas
456 2886 658 2965 explicuerit,
687 2884 795 2963 quibus
823 2886 913 2944 tertia
936 2904 1065 2964 persona
1094 2888 1220 2947 accessit
1245 2887 1400 2965 CaesariS,
1430 2891 1478 2949 cui

356 2994 439 3053 locus
465 2990 502 3049 de
527 2991 660 3051 ridiculis
686 2989 880 3068 exponendus
903 2990 1039 3050 traditur.
1090 2989 1266 3070 Opportune
1296 2986 1354 3054 hoc
1379 2995 1478 3071 ipsum

357 3094 545 3157 confirmavit
570 3100 691 3173 postea,
708 3095 746 3153 ad
762 3093 958 3153 Volumnium
974 3093 1108 3153 scribens
1126 3096 1179 3176 (ad
1196 3095 1261 3158 Diu.
1279 3097 1343 3157 VII.
1362 3098 1411 3158 32.
1430 3097 1477 3177 2),

357 3218 450 3277 quum
467 3198 517 3258 illa
532 3200 628 3259 faceta
644 3205 674 3259 et
693 3204 820 3257 venusta
838 3198 917 3257 dicta
935 3198 1107 3276 significans
1123 3199 1218 3277 addit,
1240 3222 1309 3276 qaae
1326 3210 1392 3262 aaut
1407 3226 1426 3262 a
1440 3222 1479 3260 aaa

355 3304 518 3363 insectando
537 3305 608 3363 libro
628 3305 661 3362 de
682 3304 803 3363 Oratore
815 3322 870 3377 per
882 3304 1003 3363 Antonii
1014 3322 1164 3378 perronam
1181 3306 1345 3382 disputata,
1366 3307 1398 3366 in
1414 3307 1479 3385 qui-

356 3406 413 3465 bus
439 3408 604 3467 memoriae
630 3407 730 3486 lapsus
755 3407 897 3466 ferendus
920 3413 985 3479 est,
1005 3408 1086 3486 quod
1103 3407 1153 3468 illa
1169 3409 1377 3488 disputationis
1394 3417 1480 3490 parte

356 3528 417 3569 non
434 3511 497 3589 ipse
514 3510 677 3586 Antonius,
700 3510 752 3570 sed
769 3510 806 3570 ab
824 3510 883 3570 hoc
898 3510 1046 3571 excitatus
1065 3516 1096 3571 et
1112 3519 1236 3590 rogatus
1253 3513 1364 3573 Caesar
1379 3516 1479 3593 fungi-

356 3619 413 3673 tur.
456 3614 553 3685 Quam
578 3615 704 3674 mirifice
725 3614 775 3674 illo
795 3632 906 3693 genere
921 3614 1091 3675 festivitatis
1110 3616 1326 3694 delectaretur,
1349 3619 1480 3681 declarat

355 3718 419 3797 ipse
436 3718 475 3777 ad
493 3718 619 3777 Paetum
637 3718 771 3777 scribens
788 3718 841 3799 (ad
858 3719 923 3778 Div.
944 3719 994 3777 IX.
1011 3717 1075 3798 15).

395 3820 440 3879 De
457 3820 565 3898 dialogi
580 3823 791 3901 σκηνογραφῖᾳ,
814 3822 943 3882 concedo
967 3822 1111 3882 Pideritio
1131 3821 1256 3901 (Introd.
1272 3844 1300 3903 p.
1318 3826 1440 3888 XXXV.
1463 3828 1479 3910 §

356 3923 409 4004 20)
439 3924 575 4003 exemplo
601 3942 666 3984 esse
688 3926 821 4003 potuisse
845 3924 984 3986 Ciceroni
1004 3926 1138 3987 Platonis
1156 3927 1188 3985 in
1205 3946 1240 3987 eo
1257 3947 1368 4007 genere
1385 3933 1480 3992 artifi-

357 4028 452 4088 cium:
483 4033 548 4088 tum
571 4029 625 4105 iis,
655 4048 732 4108 quae
758 4029 807 4089 ille
831 4030 957 4108 vestigia
980 4030 1122 4090 indicavit
1138 4037 1274 4091 servatae
1292 4036 1481 4097 auctoritatis

355 4131 544 4208 Platonicae,
581 4132 649 4192 addi
680 4134 806 4212 poterit,
845 4134 942 4212 quod,
980 4134 1235 4213 quemadmodum
1273 4136 1411 4198 Socrates
1448 4141 1481 4200 in

356 4236 493 4296 Phaedro
517 4236 554 4295 de
578 4236 725 4314 Isocrate,
757 4238 800 4297 sic
826 4236 949 4298 Catulus
975 4238 1043 4319 (HL
1058 4237 1073 4319 ᾖ
1091 4238 1164 4320 228)
1182 4240 1218 4299 de
1235 4239 1406 4319 Hortensii,
1428 4247 1481 4323 qni

355 4346 506 4419 superstes
523 4347 588 4401 erat
604 4361 698 4420 quum
716 4341 821 4402 Cicero
838 4342 895 4402 ista
920 4343 1036 4419 ederet,
1053 4343 1206 4423 praeclara
1223 4345 1353 4405 oratoria
1368 4348 1481 4408 virtute

354 4451 525 4523 auguratur.
568 4445 727 4521 Ceterum,
756 4452 790 4507 ut
816 4448 847 4507 in
874 4448 999 4527 reliquis
1021 4446 1123 4523 libris,
1140 4465 1216 4528 quos
1245 4454 1351 4527 postea
1367 4451 1480 4513 multos
