3242 5500
395 555 464 623 226
706 572 820 620 uranx
846 571 1047 622 sneuunns.
1076 553 1093 632 t
1120 549 1202 619 253.

444 740 560 826 Quid?
574 741 716 829 Decius,
733 741 912 817 Nuculam
925 742 1220 839 auconfimrmois
1228 737 1372 836 facem?
1389 743 1508 838 iuquit:

321 869 369 914 2⁵⁴
393 866 432 924 ut
466 862 549 925 tuus
580 841 752 938 amicus,
774 853 919 939 Crasse,
955 852 1128 937 Granius,
1160 876 1229 926 ooo
1248 875 1318 924 osso
1337 853 1507 924 sectantis.

393 963 460 1048 Et,
497 961 527 1033 si
551 962 738 1056 quaeritis,
764 962 825 1049 ia,
843 963 903 1059 qui
929 961 1125 1057 appellatur
1150 960 1272 1046 dicax,
1299 959 1365 1032 hoc
1391 985 1509 1056 genere

394 1071 545 1143 maxime
579 1071 734 1157 excellit;
765 1071 828 1143 sed
852 1073 942 1144 risus
968 1079 1109 1143 movent
1131 1071 1200 1142 alia
1218 1070 1379 1142 maiores.
1431 1070 1507 1140 Am·

393 1180 542 1274 biguum
579 1205 642 1275 per
679 1203 715 1251 se
747 1181 865 1276 ipsum
899 1180 1067 1276 probatur
1099 1180 1148 1270 id,
1174 1179 1337 1274 quidem,
1376 1187 1508 1251 utente

394 1289 488 1375 dixi,
525 1289 580 1360 vel
612 1289 783 1375 maxime3
821 1291 996 1386 ingeniosi
1034 1289 1126 1361 enim
1156 1289 1295 1361 videtur
1326 1289 1399 1359 vim
1423 1287 1507 1360 verbi

393 1399 431 1469 in
465 1399 582 1484 aliud,
618 1406 724 1493 atque
758 1399 865 1472 ceteri
900 1399 1091 1495 accipiant,
1129 1422 1232 1495 posse
1271 1398 1417 1470 ducere:
1455 1397 1507 1468 scd

393 1507 660 1580 admirationem
676 1509 807 1603 magio,
834 1534 939 1604 quam
956 1509 1067 1581 risum
1083 1515 1216 1594 movet,
1241 1508 1311 1580 nisi
1330 1508 1359 1579 si
1378 1507 1507 1603 quando

392 1616 519 1690 incidit
541 1617 578 1688 in
603 1617 700 1689 aliud
724 1642 837 1714 genus
861 1618 1012 1690 ridiculi.
1050 1619 1151 1694 Quae
1173 1641 1302 1711 genera
1317 1641 1505 1713 percurram

393 1725 568 1821 equidem.

320 1841 367 1910 63
442 1835 512 1906 Sed
549 1835 644 1908 scitis
679 1860 755 1908 esse
791 1836 1016 1909 notissimum
1057 1827 1197 1908 ridiculi
1234 1859 1367 1931 genus,
1408 1859 1504 1931 quum

219 2011 226 2021 ,
320 1967 368 2012 aas
392 1945 489 2017 aliud
524 1953 784 2039 exspectamus,
823 1945 918 2018 aliud
944 1944 1082 2017 dicitur.
1139 1943 1210 2018 Hic
1233 1945 1412 2018 nobismet
1431 1946 1505 2040 ipsis

392 2062 511 2127 noster
535 2077 630 2126 error
652 2054 762 2126 risum
787 2062 915 2127 movet.
968 2054 1075 2130 Quod
1100 2055 1129 2126 si
1153 2053 1350 2126 admixtum
1373 2061 1428 2143 est,
1442 2078 1502 2124 am·

392 2163 562 2259 biguum,
589 2163 695 2236 etiam
714 2164 755 2236 fit
780 2164 917 2236 salsius.
969 2161 1033 2248 Ut,
1059 2163 1155 2259 apud
1179 2163 1353 2250 Novium,
1379 2163 1503 2234 videtur

392 2297 468 2344 esse
501 2271 697 2343 misericors
734 2273 815 2359 ille,
853 2273 914 2368 qui
943 2271 1138 2345 iudicatum
1164 2272 1244 2344 duci
1268 2272 1411 2358 videns,
1436 2297 1500 2368 per·

392 2389 553 2454 contatur
574 2381 642 2466 ita,
673 2378 806 2463 Quanti
825 2381 1009 2454 addictus?
1045 2381 1147 2454 Mille
1166 2406 1356 2454 nummum.
1394 2383 1429 2454 Si
1450 2381 1502 2452 ad·

392 2490 539 2563 didisset
576 2491 840 2576 tantummod0‚
878 2488 1001 2564 Dacos
1039 2490 1135 2577 licet,
1174 2497 1263 2562 esset
1288 2490 1378 2563 illud
1401 2515 1500 2586 genus

391 2599 532 2672 ridiculi
552 2607 690 2695 praeter
702 2599 1014 2695 exspectationem:
1043 2599 1115 2685 sed,
1134 2601 1217 2695 quia
1233 2599 1386 2686 addidit,
1410 2598 1503 2672 Nihil

392 2708 502 2794 oddo,
544 2708 651 2781 domos
690 2707 787 2795 licet,
829 2708 950 2781 addito
988 2703 1208 2805 [ambigu0‚]
1247 2709 1354 2783 altero
1387 2733 1501 2806 genere

396 2812 591 2914 [ridiculi]‚
630 2818 697 2890 fuit
713 2879 717 2884 .
735 2822 791 2904 (ut
827 2818 915 2890 mihi
945 2819 1089 2914 quidem
1110 2819 1261 2905 videtur)
1290 2819 1497 2891 salsissimus.

390 2926 472 2999 Hoc
500 2935 578 2999 tum
607 2935 659 2999 est
680 2928 989 3014 venustissimum,
1015 2953 1126 3023 quum
1151 2929 1187 3000 in
1211 2928 1430 3001 altercatione
1451 2952 1498 2999 ar·

391 3036 519 3132 ripitur
553 3035 598 3107 ab
635 3036 831 3118 adversario
864 3036 1030 3123 verbum,
1069 3038 1169 3109 etex
1194 3062 1254 3123 e0,
1281 3046 1321 3109 ut
1345 3037 1499 3109 aCatulo

393 3146 442 3219 in.
466 3143 695 3240 Philippum,
733 3146 770 3217 in
805 3170 887 3218 eum
917 3146 1034 3241 ipsum
1055 3146 1212 3242 aliquid,
1239 3148 1302 3241 qui
1323 3146 1497 3229 lacessivit,

320 3275 368 3321 asc
393 3254 575 3347 infligitur.
639 3255 728 3342 Sed,
759 3280 871 3352 quum
895 3256 996 3351 plura
1021 3256 1092 3329 sint
1114 3255 1274 3351 ambigui
1297 3280 1438 3351 genera,
1460 3254 1498 3325 de

392 3362 522 3459 quibus
558 3370 609 3434 est
642 3363 799 3437 doctrina
836 3365 1008 3461 quaedam
1050 3364 1229 3451 subtilior,
1268 3367 1437 3438 attendere
1467 3370 1499 3433 et

391 3472 557 3568 aucupari
589 3473 694 3546 verba
729 3474 924 3569 oportebit:
963 3475 1000 3545 in
1036 3499 1126 3570 quc,
1163 3481 1204 3545 ut
1238 3499 1298 3561 ca,
1335 3498 1419 3571 quac
1437 3473 1499 3544 sint

391 3582 592 3676 frigidiora,
629 3583 780 3655 vitemus
820 3584 966 3670 (etenim
991 3582 1184 3655 cavendum
1209 3592 1283 3669 est,
1308 3608 1353 3655 ne
1372 3580 1497 3655 arcessi·

390 3698 467 3763 tum
506 3692 641 3764 dictum
677 3696 856 3787 putetur),
883 3693 1057 3788 permulta
1077 3700 1196 3767 tamen
1218 3701 1320 3765 acute
1347 3694 1495 3765 dicemus.

391 3800 553 3873 Alterum
571 3824 683 3895 genus
701 3809 768 3887 est,
796 3801 891 3897 quod
908 3802 1013 3874 habet
1029 3826 1171 3897 parvam
1187 3801 1284 3874 verbi
1302 3801 1496 3875 immutatio·

390 3933 491 3995 nem,
515 3910 611 4005 quod
628 3911 665 3982 in
683 3910 784 3983 litera
801 3911 955 4007 positum
974 3912 1099 3983 Graeci
1112 3919 1236 3984 vocant
1248 3908 1498 4008 aopovopucim,

391 4027 433 4090 ut
469 4016 700 4105 Nobiliorem,
726 4020 937 4094 mobiliorem
962 4021 1069 4094 Cato:
1095 4028 1176 4108 aut,
1202 4028 1241 4093 ut
1264 4022 1377 4109 idem,
1400 4042 1497 4117 quum

423 4350 481 4396 255.
499 4347 584 4395 addito
601 4347 737 4409 [ambiguo]
751 4350 831 4403 altero
841 4361 929 4409 genere
979 4352 1062 4407 Quum
1083 4364 1096 4399 e
1116 4348 1185 4399 libris
1197 4352 1275 4413 vulgo
1289 4352 1398 4401 ederetur
1409 4350 1435 4397 at
1445 4346 1495 4394 Sla-

391 4425 527 4488 [ridicult]
560 4427 630 4484 Quae
643 4424 803 4484 inclusimus,
817 4426 929 4487 prolecta
980 4428 1032 4475 tius
1048 4426 1141 4477 Scauro
1160 4428 1338 4489 stomachanti,
1357 4442 1429 4477 meam
1446 4438 1495 4473 cor·

326 4536 340 4555 .
390 4504 450 4551 mini
465 4504 582 4552 videntur
595 4517 610 4551 a
624 4503 711 4552 sedulo
723 4509 878 4553 cunctatore.
977 4506 1113 4555 rectionem
1133 4505 1270 4568 probarunt
1291 4506 1409 4556 novissimi
1420 4503 1494 4553 Edito-

423 4584 480 4631 257.
498 4583 527 4628 ut
542 4580 617 4631 Statu
629 4597 644 4629 a
656 4582 749 4629 Scauro
755 4582 926 4631 stomachanti.
978 4598 1025 4633 res.
1045 4587 1176 4646 Quumque
1191 4586 1314 4643 dixissem,
1329 4584 1452 4633 meminisse
1458 4591 1494 4625 roe
