3242 5500
435 565 548 613 mama
575 566 744 614 ruamus,
773 550 790 630 ἓ
819 548 899 616 185.
1158 550 1227 616 355

106 742 304 836 profluens,
339 739 426 834 quid
458 746 512 810 est
533 739 630 810 aliud
654 762 799 822 causae,
825 763 887 809 cur
910 739 1132 834 repudietur,
1159 741 1228 811 nisi

105 851 199 946 quod
230 850 415 921 hominum
442 847 585 919 auribus
607 873 726 918 vocem
753 857 877 918 natura
902 847 1101 919 modulatur
1124 850 1227 943 ipsa?

104 959 198 1055 quod
233 958 329 1042 fieri,
368 957 437 1029 nisi
473 958 564 1028 inest
600 981 768 1028 numerus
804 958 840 1028 in
864 981 961 1042 voce,
997 981 1068 1028 non
1092 966 1226 1052 potest,

105 1092 273 1140 numerus
303 1076 421 1137 autern
456 1067 493 1137 in
518 1066 783 1138 continuatione
806 1066 927 1136 nullus
951 1073 1020 1137 est:
1049 1067 1229 1139 distinctio
1256 1082 1300 1128 18⁶

104 1185 138 1248 et
153 1175 369 1271 aequalium,
388 1182 423 1245 et
437 1199 540 1271 saepe
552 1174 726 1247 variorum
738 1174 998 1246 intervallorum
1015 1171 1226 1272 [percussio]

104 1309 291 1357 numerum
327 1284 488 1368 conficit,
524 1308 630 1379 quern
664 1283 700 1354 in
735 1283 941 1356 cadentibus
975 1286 1106 1379 gutta,
1134 1288 1230 1381 quod

103 1395 295 1466 intervallis
328 1393 619 1486 distinguuntur,
657 1401 777 1464 notare
814 1417 1020 1488 possumus,
1056 1395 1095 1465 in
1132 1397 1229 1467 amni

103 1504 355 1600 praecipitante
378 1527 449 1573 non
473 1526 671 1597 possumus.
724 1502 832 1577 Quod
856 1503 885 1574 si
909 1503 1125 1575 continuatio
1154 1529 1228 1576 ver·

103 1613 229 1684 borum
264 1612 349 1683 haec
386 1611 499 1682 soluta
537 1611 649 1682 multo
678 1618 731 1681 est
754 1611 871 1706 aptior
892 1619 998 1706 atque
1022 1613 1228 1699 iucundior,

104 1722 131 1793 si
154 1730 209 1793 est
235 1721 391 1793 articulis
417 1719 656 1815 membrisque
678 1719 865 1805 distincta,
892 1745 999 1816 quam
1021 1723 1051 1793 si
1068 1724 1228 1795 continu·

102 1838 157 1902 ata
180 1856 223 1902 ac
248 1830 437 1926 producta,
463 1829 620 1902 membra
645 1829 705 1900 illa
721 1830 922 1902 modificata
938 1856 1013 1902 csse
1031 1831 1228 1906 debebunt:

102 1940 245 2034 quaesi
270 1939 306 2010 in
330 1947 485 2010 extremo
510 1938 668 2010 breviora
693 1947 795 2024 sunt,
822 1939 1030 2034 infringitur
1052 1941 1112 2013 ille
1129 1944 1231 2038 quasi

102 2049 288 2120 verborum
318 2047 471 2119 ambitus
511 2047 575 2132 (sic
600 2047 694 2118 enim
720 2047 782 2118 has
799 2050 969 2120 orationis
987 2051 1230 2122 conversiones

102 2157 227 2230 Graeci
248 2158 468 2242 nominant):
496 2181 566 2251 qua
589 2181 627 2228 re
656 2164 717 2228 aut
739 2157 837 2252 paria
862 2181 937 2228 esse
962 2158 1092 2230 debent
1115 2170 1231 2254 poste·

101 2268 191 2338 riora
230 2265 489 2360 superioribus,
527 2278 682 2338 extrema
713 2266 835 2360 primis
844 2291 856 2350 ·,
892 2275 971 2352 ant,
1006 2268 1231 2362 quodetiam

102 2385 153 2448 est
177 2375 305 2447 melius
328 2383 364 2445 et
388 2374 599 2460 iucundius,
626 2375 795 2469 longiora.

148 2484 269 2578 Atque
292 2482 378 2554 haec
402 2483 546 2578 quidem
570 2483 614 2555 ab
637 2483 680 2554 iis
701 2479 969 2581 [philosophis],
996 2495 1138 2581 questu
1156 2512 1228 2559 rna·
1255 2481 1303 2550 49

105 2594 195 2665 xime
231 2593 371 2687 diligis,
407 2592 553 2677 Catule,
580 2591 675 2664 dicta
698 2601 799 2664 sunt:
822 2593 922 2688 quod
948 2619 988 2666 eo
1014 2596 1152 2691 saepius
1177 2605 1228 2668 te·
1257 2607 1303 2658 18⁷

103 2703 251 2789 stificor,
298 2711 338 2774 ut
380 2700 582 2774 auctoribus
624 2701 810 2774 laudandis
848 2703 1062 2799 ineptiarum
1098 2705 1229 2778 crimen

101 2814 276 2907 effugiam.
330 2814 492 2888 Quarum
517 2812 686 2883 tandem?
711 2812 827 2906 inquit
853 2812 1019 2899 Catulus,
1058 2824 1119 2887 aut
1141 2816 1228 2912 quid

102 2922 335 3016 disputatione
368 2922 435 2994 ista
469 2921 585 2993 afferri
614 2928 730 3016 potest
753 2921 968 3015 elegantius,
1000 2931 1060 2995 aut
1084 2926 1228 2996 omnino

102 3031 170 3103 dici
192 3030 385 3103 subtilius?
410 3031 460 3100 At
478 3030 573 3101 enirn
591 3054 726 3115 vereor,
754 3030 871 3125 inquit
890 3031 1054 3118 Crassus,
1081 3058 1126 3105 ne
1143 3034 1228 3107 haec
1255 3058 1300 3103 rsa

102 3150 162 3211 ant
195 3139 390 3211 difficiliora
425 3139 500 3209 istis
534 3139 579 3210 ad
611 3140 894 3234 persequendum
928 3166 1003 3213 esse
1023 3143 1226 3230 videantur,

102 3257 182 3334 ant,
207 3250 291 3345 quia
316 3272 387 3321 non
413 3250 603 3321 traduntur
626 3249 663 3320 in
688 3250 827 3344 vulgari
848 3250 916 3321 ista
934 3250 1136 3347 disciplina,
1163 3277 1227 3325 nos

104 3382 143 3428 ea
171 3362 302 3430 maiora
333 3383 373 3429 ac
410 3358 604 3429 difficiliora
636 3358 746 3429 videri
778 3358 866 3429 velle
893 3360 1083 3432 videamur.
1136 3362 1226 3433 Tum

105 3466 268 3553 Caluina,
295 3468 420 3552 ErraS,
448 3467 585 3562 inquit,
613 3467 756 3553 Crasse,
784 3468 814 3539 si
837 3476 898 3539 aut
922 3492 995 3554 me,
1022 3469 1226 3541 authorum

140 3802 192 3849 186.
212 3800 378 3862 [percensio]
420 3800 497 3848 Recte
516 3800 639 3848 inclusum
689 3801 814 3848 variorum
828 3801 1024 3849 intervallorum.
1060 3802 1226 3852 Hancautem

105 3894 121 3926 a
135 3879 247 3939 Kaysero.
689 3878 839 3939 peculiarem
847 3866 1061 3941 praeceptionem,
1077 3882 1137 3942 quid
1143 3888 1227 3930 tamen

139 3957 199 4017 quod
203 3957 385 4004 eiccnttnuctio
391 3958 563 4004 verbam*
570 3959 637 4015 Quo·
688 3956 713 4003 in
726 3958 909 4004 continuatione
920 3958 1046 4005 verborum
1053 3959 1146 4007 servari
1152 3966 1226 4021 opo'r-

105 4034 169 4081 niam
182 4035 228 4083 hoc
242 4041 396 4096 postremum
410 4035 480 4081 velut
493 4039 561 4082 extra
572 4034 638 4083 ordi·
687 4040 767 4092 teret,
790 4036 871 4097 aptius
884 4036 953 4099 iungi
967 4051 1039 4097 posse
1053 4038 1165 4087 existimo
1179 4039 1225 4086 sic:

105 4125 162 4159 nem
180 4113 292 4161 adiicitur
313 4113 357 4170 iis,
379 4126 442 4173 quae
459 4112 533 4160 modo
547 4113 578 4161 de
592 4127 638 4160 nu·
688 4115 729 4170 et,
743 4115 765 4161 ci
779 4115 932 4164 continuatio
944 4141 985 4161 -.

105 4203 173 4237 mero
191 4196 215 4239 et
231 4193 262 4241 de
277 4205 369 4254 genere
383 4205 515 4239 numeroso
529 4191 638 4247 dixerat,
722 4192 883 4252 infringitur.
925 4193 996 4241 Idem
1024 4191 1127 4241 verbum
1147 4194 1173 4241 in
1194 4193 1227 4241 si-

104 4268 133 4315 in
148 4267 229 4328 quihus
242 4270 290 4318 hoc
305 4275 371 4327 erat,
386 4282 515 4317 numerum
528 4270 639 4316 inconti-
689 4269 740 4315 mili
754 4284 782 4317 re
796 4275 929 4331 usurpatur
943 4272 1005 4320 Orat
1028 4276 1040 4329 5
1056 4273 1113 4319 230.

105 4347 218 4394 nuatione
245 4350 339 4395 nullum
361 4362 425 4405 ecee,
455 4362 522 4395 nunc
542 4361 640 4408 quoque
724 4349 780 4395 188.
798 4350 938 4411 difficiliora
951 4351 1007 4397 istit
1020 4376 1053 4387 -—
1066 4352 1225 4398 esaeoidcau·

104 4425 254 4473 continuatio
266 4428 393 4473 roborum
407 4426 466 4474 trcec
479 4426 639 4473 sotutciutel·
689 4429 741 4473 tur.
776 4428 982 4488 Exspectaveram
996 4427 1046 4485 liis,
1066 4442 1169 4489 nempe,
1186 4429 1227 4488 qui

104 4500 152 4563 ligi
170 4502 240 4576 debet
253 4519 297 4562 ea,
316 4519 379 4565 quae
392 4519 497 4552 numero
511 4509 608 4562 careat,
622 4505 638 4550 i.
689 4504 800 4552 aderant.
815 4533 848 4539 —
861 4508 933 4565 Mox,
948 4521 977 4553 cc
984 4506 1123 4569 difficiliora
1131 4507 1150 4555 si
1157 4504 1226 4554 abes-

105 4593 129 4627 e.
154 4579 304 4631 distinctione
318 4588 344 4631 et
357 4583 512 4643 aequalium,
528 4588 552 4631 et
566 4597 640 4643 saepe
689 4588 759 4641 sent,
774 4598 822 4646 ego
836 4598 885 4631 non
901 4584 1059 4647 requirerem.
