3242 5500
502 571 615 620 arara
641 572 790 622 carnus
819 553 896 634 14.
1241 555 1263 623 3

188 743 241 816 Ac
279 742 366 815 mihi
402 743 593 840 repetenda
629 751 681 815 est
712 743 839 815 veteris
868 744 1051 817 cuiusdam
1075 736 1310 816 memoriaefl

138 878 210 926 non
245 878 328 926 sane
361 853 445 926 satis
470 853 642 949 explicata
666 853 878 940 recordati0,
915 854 996 940 sed,
1023 861 1063 924 ut
1087 851 1260 941 arbitror,

137 972 222 1059 apta
253 963 298 1036 ad
333 963 394 1050 id,
433 963 528 1060 quod
559 962 733 1058 requiris,
772 970 813 1034 ut
848 987 1054 1059 cognoscas,
1081 987 1172 1058 quae
1195 963 1260 1035 viri

137 1074 299 1146 omnium
322 1071 600 1169 eloquentissimi
624 1071 880 1169 clarissimique
904 1073 1076 1146 senserint
1101 1071 1144 1144 de
1165 1075 1261 1146 omni

137 1184 275 1255 ratione
308 1183 459 1256 dicendi.
523 1181 587 1255 Vis
624 1181 742 1268 enim,
781 1189 823 1254 ut
858 1182 946 1255 mihi
980 1207 1083 1278 saepe
1115 1182 1301 1268 dixisti,5

138 1293 330 1389 quoniam,
357 1317 446 1389 quae
471 1292 589 1389 pueris
614 1299 675 1364 aut
695 1290 966 1365 adolescentulis
989 1291 1091 1364 nobis
1112 1316 1260 1364 excom·

137 1403 355 1476 mentariolis
391 1403 521 1474 nostris
557 1401 719 1474 inchoata
751 1425 790 1474 ac
823 1402 924 1476 rudia
949 1401 1176 1488 exciderunt,
1203 1401 1261 1472 vix

138 1512 203 1584 hac
237 1513 308 1586 sint
340 1519 454 1585 aetate
489 1512 621 1607 digna,
656 1519 691 1583 et
721 1510 785 1584 hoc
806 1535 898 1596 usu,
925 1535 1030 1607 quem
1055 1536 1098 1584 ex
1122 1511 1260 1610 causis,

138 1647 225 1719 quas
259 1622 437 1708 diximus,
472 1629 526 1693 101
557 1621 737 1716 tantisque
761 1622 940 1694 consecuti
965 1621 1099 1707 simus,
1125 1620 1261 1717 aliquid

138 1732 265 1804 iisdem
291 1733 334 1804 de
358 1731 463 1804 rebus
481 1730 626 1828 politius
647 1755 668 1802 a
692 1729 793 1803 nobis
811 1730 1072 1827 perfectiusque
1092 1731 1261 1827 proferri:

137 1842 300 1938 solesque
320 1866 587 1938 nonnumquam
613 1840 677 1914 hae
702 1839 746 1912 de
767 1865 804 1912 re
825 1865 963 1914 mecum
985 1835 1039 1936 [in
1052 1840 1261 1936 disputatio·

136 1951 243 2024 nibus
280 1947 426 2048 nostris]
466 1949 676 2037 dissentire,
715 1949 810 2046 quod
843 1974 909 2046 ego
945 1951 1262 2023 eruditissimorum

137 2062 324 2134 bominum
360 2061 496 2134 artibus
533 2060 771 2158 eloquentiam
806 2061 979 2134 contineri
1011 2068 1188 2146 statuam,
1223 2068 1264 2132 tu

136 2180 256 2244 autem
280 2172 377 2245 illam
402 2171 446 2243 ab
469 2171 643 2267 elegantia
667 2169 847 2243 doctrinae
871 2171 1124 2266 segregandam
1137 2177 1262 2265 putes,

137 2283 228 2355 etin
252 2282 405 2379 quodam
429 2281 565 2378 ingenii
586 2289 692 2376 atque
717 2281 976 2352 exercitationis
988 2303 1116 2375 genere
1128 2303 1261 2375 ponen-

137 2393 230 2464 dam.
282 2393 335 2464 Ac
356 2391 444 2464 mihi
465 2391 610 2488 quidem
647 2413 898 2485 saepenumero
927 2413 1083 2464 summos
1100 2388 1260 2461 homines
1284 2403 1299 2448 ⁶

135 2645 225 2705 modo,
240 2645 373 2706 atriaeqae
386 2647 498 2694 acetrum
509 2641 602 2693 stadia.
611 2646 672 2693 Pro·
719 2655 804 2715 potest
818 2669 872 2701 mea
882 2655 1098 2712 emmerammum,
1112 2667 1262 2716 propomam

133 2723 322 2784 barem,sicubi
341 2725 458 2788 seriptum
471 2726 624 2775 inveniretur
632 2725 672 2773 ob·
723 2732 867 2791 recordari,
890 2748 939 2796 qua
955 2733 1060 2794 simplici
1077 2731 1157 2782 forma
1165 2733 1261 2782 etinsra

134 2804 417 2867 aequareraaroaoerra
429 2805 445 2852 i·
455 2820 477 2853 e.
490 2820 562 2863 me0;
575 2805 672 2853 ramae
722 2813 799 2861 utitur
823 2813 910 2860 cicero
934 2813 983 2859 111.
1001 2816 1012 2869 s
1030 2815 1075 2870 sa,
1091 2817 1116 2860 er
1130 2818 1260 2874 perpetuo.

135 2882 220 2931 fratris
228 2883 583 2933 aalaatatemoxdeindustria
595 2883 672 2931 addit.
757 2888 784 2949 5)
807 2891 937 2951 quoniam,
962 2902 1024 2949 qaae
1045 2918 1079 2926 -
1094 2892 1136 2938 aia
1150 2892 1196 2939 tae
1208 2892 1260 2938 aiat

168 2960 197 3022 4)
211 2961 301 3011 reterir
307 2963 618 3011 memoriae-*recordatio
628 2962 671 3011 Ni·
721 2970 804 3016 aetate
819 2970 901 3032 digna.
924 2970 980 3016 Non
995 2966 1121 3027 dubitavi,
1143 2969 1260 3018 Schutzio

134 3040 205 3087 bilin
214 3040 251 3088 his
260 3038 617 3102 autir'npeditnrn,autnovum
626 3044 671 3089 est.
721 3052 853 3106 monente,
876 3046 1001 3108 suscipere
1023 3048 1090 3105 aiat,
1106 3047 1174 3109 quod
1195 3062 1210 3095 e
1228 3048 1258 3095 li·

134 3120 258 3180 Apertum
267 3124 333 3167 este.
342 3124 354 3177 i
364 3121 524 3177 remearem
531 3121 673 3167 memoriam
720 3126 770 3175 bris
785 3126 863 3175 abest.
886 3126 912 3173 si
927 3124 981 3187 quis
996 3125 1259 3174 enimaaendrttorum

133 3198 255 3259 appellari
264 3211 293 3245 ea
307 3198 373 3259 ipsa,
383 3213 445 3260 quae
454 3198 671 3259 auomdaminillo-
721 3205 768 3254 hoc
782 3205 901 3253 iudicium
916 3203 1008 3262 Quinto
1022 3202 1113 3260 aibat,
1129 3218 1175 3252 nee
1190 3207 1258 3253 Mar-

132 3292 189 3324 rum
210 3276 321 3325 virorum
340 3277 504 3339 disputatione
519 3282 601 3326 essent
614 3292 670 3325 ver·
721 3298 778 3332 eum
799 3285 830 3331 de
852 3298 878 3332 ee
899 3283 981 3344 iprum
999 3282 1050 3330 talc
1064 3282 1124 3343 quid
1138 3285 1259 3330 affirmare

133 3359 202 3411 sata;
232 3360 258 3403 et
284 3356 319 3405 85⁰
348 3356 389 3405 alii
415 3370 513 3417 quoque
538 3356 585 3403 viri
606 3356 672 3404 docti
720 3362 828 3410 voluisse
842 3360 960 3409 credibile
974 3374 1040 3418 esse,
1053 3365 1260 3424 agnoscetneque

132 3434 327 3493 intellexerunt,
357 3449 404 3483 nec
430 3432 532 3481 dubium
555 3440 592 3483 est
612 3434 671 3495 quin
721 3453 783 3501 quae
811 3438 980 3487 abiiciendnm
1007 3453 1076 3497 esee,
1098 3454 1180 3502 neque
1201 3440 1260 3487 ruat

133 3512 223 3559 eodem
237 3513 312 3561 m0th
326 3514 352 3560 in
366 3515 443 3561 BrUiO
460 3517 471 3570 l
488 3515 536 3560 244
556 3514 672 3561 memoria
719 3517 779 3567 ferri
793 3532 881 3579 posse,
897 3522 922 3565 et
930 3517 1012 3565 statim
1020 3522 1076 3578 post
1084 3518 1259 3585 corrigendum

133 3590 193 3637 acta
215 3592 241 3637 et
255 3592 366 3651 aequalia
379 3592 475 3639 dicatur
488 3606 534 3652 pro
548 3590 577 3639 iis
596 3590 669 3653 ipsis,
719 3596 795 3645 fuisse
809 3596 1027 3653 eoaeeeatiaimar,
1036 3610 1184 3659 prosumus,
1193 3596 1260 3658 quod

133 3669 176 3729 qni
190 3667 243 3717 noti
258 3674 283 3717 et
297 3671 411 3730 aequales
419 3674 500 3718 essent
506 3670 672 3731 praesentium
720 3674 777 3724 libri
799 3673 900 3723 habent.

132 3747 277 3796 hominum:
301 3753 326 3797 et
351 3748 385 3796 sic
405 3748 506 3795 demum
526 3748 672 3811 intelligitur
752 3741 863 3814 solerque
888 3782 922 3789 —
943 3768 1036 3802 amcam
1056 3780 1090 3787 —
1118 3754 1258 3801 dissentire.

131 3831 201 3876 recte
230 3826 280 3873 dici
307 3826 436 3875 memoriae
461 3828 670 3887 recordationem,
721 3831 1191 3893 Expreeeimeeame100d.Vind0b.
1213 3848 1259 3893 pro

132 3904 197 3953 sicut
219 3905 251 3953 ad
274 3907 322 3964 Qu.
344 3904 402 3953 frat.
424 3906 460 3953 II.
480 3902 515 3963 '2,
540 3908 562 3953 1,
583 3906 671 3954 dicitur
720 3911 790 3973 vulg.
805 3926 821 3958 a
835 3925 890 3957 me.-
913 3911 956 3959 sed
977 3911 1173 3970 amputatione,
1196 3926 1259 3972 quae

132 3984 275 4040 recordatio
284 3984 440 4044 praeteritae
451 3983 589 4032 memoriae.
605 3985 670 4033 Con·
719 3989 835 4050 propriae
846 3989 1128 4051 snntphilosophorum,
1142 3989 1258 4037 falsotri-

132 4066 187 4119 tra,
204 4062 246 4123 qni
260 4064 344 4110 locum
359 4062 474 4111 excitavit
492 4076 523 4111 ax
538 4064 607 4113 Orat.
622 4065 670 4112 Pro
720 4067 831 4115 buuntur
851 4069 936 4115 Marco
955 4072 980 4115 et
993 4067 1076 4115 fratri:
1092 4082 1169 4129 eaque
1182 4060 1277 4116 verba'

133 4140 226 4189 Archia
241 4144 253 4199 ξ
272 4142 301 4199 l,
324 4156 374 4189 non
389 4142 562 4190 animadvertit
575 4140 606 4189 ab
627 4142 672 4191 illo
720 4147 869 4208 interpolata
883 4146 996 4195 arbitror.

134 4218 253 4280 scriptore
281 4219 388 4282 iugulari
406 4218 540 4269 verborum
559 4220 670 4291 proprie·
753 4226 780 4271 ia
795 4225 899 4285 qaedam
913 4226 1004 4287 inperii
1018 4226 1093 4285 atque
1100 4226 1258 4273 01010110ίὶ0-

133 4301 225 4355 tatem,
239 4297 282 4358 qui
296 4296 387 4347 scribat
393 4300 520 4358 pueritiae
531 4302 672 4347 memoriam
694 4288 696 4323 l
720 4304 759 4351 aa
777 4317 874 4367 praere.
921 4306 977 4351 Non
999 4304 1068 4365 quasi
1089 4305 1161 4365 plura
1176 4307 1258 4351 essent

134 4377 248 4423 ultimam
276 4377 420 4436 recordari,
450 4390 526 4439 quum
548 4376 673 4427 debuisset
719 4395 809 4445 yeaera
823 4383 930 4445 ingenim
944 4383 989 4431 sed
1002 4398 1079 4444 quum
1094 4384 1198 4430 alterum
1214 4396 1256 4445 ge-

133 4456 268 4513 paeritiam
281 4455 395 4501 ultimam
408 4458 550 4515 reeordari,
565 4457 670 4518 quique,
721 4474 767 4509 nus
796 4465 938 4509 censeretur
966 4462 1087 4525 eleqaatia
1115 4462 1258 4519 doetrinae,

136 4536 163 4579 nt
182 4532 231 4581 boc
252 4532 360 4591 addam,
374 4533 483 4596 ineptam
497 4532 672 4584 abundantiam
721 4538 779 4587 huic
793 4539 898 4601 opponit
910 4540 1035 4602 inpertiam
1049 4540 1149 4600 eiusque
1164 4541 1259 4586 caerci-

137 4614 242 4659 sectetur
275 4610 385 4661 scribens
421 4614 502 4675 quoad
536 4614 672 4676 Iaapiaaime
722 4618 855 4676 tationem,
871 4619 1028 4680 appellatque
1043 4619 1164 4679 quoddam
1174 4631 1259 4680 penae,
