3242 5500
430 563 543 612 ramira
569 563 771 613 sucuunns.
799 547 817 626 §
843 545 925 616 247.
1171 547 1241 616 223

120 760 281 844 deamur,
316 758 376 830 sed
412 768 452 831 ut
480 759 703 855 proficiamus
727 758 883 855 aliquid,
910 759 961 831 illi
986 765 1099 831 totum
1126 758 1240 846 diem,
1303 743 1308 754 ¹

120 877 152 941 ct
175 869 251 955 sine
268 892 383 940 causa.
438 867 538 944 Quid
555 870 649 941 euim
667 877 719 941 est
735 868 893 964 Vargula
910 876 1103 954 assecutus,
1130 893 1241 964 quum

120 1002 196 1050 eum
225 977 436 1051 candidatus
465 977 510 1050 A.
544 978 773 1075 Sempronius
797 1004 879 1051 cum
904 979 1024 1052 Marco
1049 1002 1112 1050 suo
1136 979 1241 1051 fratre

119 1087 319 1183 complexus
344 1095 455 1174 essct,
475 1112 568 1182 pum
589 1087 686 1186 olipa
709 1087 868 1162 muscas?
901 1089 1027 1162 Risum
1053 1088 1241 1182 quaesivit,

120 1197 177 1293 qui
202 1204 275 1283 est,
300 1221 378 1269 mea
402 1197 593 1284 sententia,
618 1199 674 1270 vel
696 1199 925 1271 tenuissimus
942 1198 1077 1293 ingenii
1094 1199 1239 1270 sumtus.

120 1306 271 1401 Tempus
295 1306 406 1402 igitur
428 1306 568 1380 dicendi
590 1307 778 1404 prudentia
802 1315 836 1380 et
860 1308 1028 1404 gravitate
1046 1307 1242 1380 moderabi-
1287 1359 1289 1364 -

120 1439 213 1500 mur;
250 1439 400 1511 quarum
434 1417 572 1489 utinam
605 1426 716 1490 artem
748 1418 903 1514 aliquam
928 1417 1154 1490 haberemus!
1181 1417 1242 1490 sed

120 1524 259 1597 domina
283 1533 410 1598 natura
433 1534 495 1599 est.

165 1633 274 1706 Nunc
295 1659 511 1730 exponamus
536 1659 665 1732 genera
685 1637 763 1733 ipso
779 1637 1000 1722 summatim,
1025 1659 1116 1731 quae
1133 1637 1243 1708 risum
1269 1635 1311 1703 61

120 1743 269 1815 maxime
310 1753 485 1818 moveant.
549 1745 648 1819 Haec
692 1747 803 1842 igitur
848 1747 893 1820 sit
932 1746 1046 1843 prima
1079 1747 1242 1842 partitio,
1268 1735 1315 1806 2'48

120 1853 209 1948 quod
244 1853 359 1925 facete
393 1854 549 1941 dicatur,
587 1855 626 1927 id
659 1856 745 1928 alias
777 1856 815 1927 in
850 1880 887 1928 re
921 1855 1069 1941 habere,
1095 1855 1179 1927 alias
1204 1855 1240 1926 in

120 1961 220 2033 verbo
257 1963 417 2036 facetias:
456 1964 608 2037 maxime
643 1974 762 2038 autem
794 1964 956 2038 homiues
991 1965 1176 2050 delectari,
1213 1965 1241 2036 si

121 2070 260 2166 quando
282 2071 373 2144 risus
397 2074 583 2148 coniuncte
606 2099 644 2147 re
664 2075 840 2170 verboque
859 2082 1049 2146 moveatur.
1091 2073 1160 2146 Sed
1177 2073 1242 2146 hoc

121 2189 352 2268 mementote,
378 2207 619 2280 quoscumque
641 2185 735 2257 locos
759 2185 949 2280 attingam,
974 2183 1070 2254 unde
1095 2182 1243 2256 ridicula

121 2290 312 2377 ducantur,
343 2315 387 2364 ex
411 2293 537 2367 iisdem
565 2295 650 2367 locis
680 2295 752 2367 fere
772 2294 879 2366 etiam
903 2316 1024 2389 graves
1050 2293 1242 2364 sententias

121 2423 218 2495 posse
243 2401 346 2474 duci:
373 2409 510 2476 tantum
532 2404 697 2491 interest,
724 2403 820 2500 quod
849 2403 1001 2499 gravitas
1026 2401 1180 2474 honestis
1204 2402 1242 2474 in

121 2508 222 2582 rebus
252 2518 288 2582 et
319 2513 470 2600 severio,
501 2513 598 2586 iocus
628 2514 665 2586 in
691 2513 876 2610 turpiculis
901 2519 936 2584 et
958 2511 1059 2608 quasi
1081 2510 1243 2583 deformi·

121 2617 185 2690 bus
230 2620 397 2715 ponitur:
443 2622 540 2694 velut
585 2622 710 2696 iisdem
745 2622 861 2694 verbis
903 2629 936 2694 et
971 2619 1112 2694 laudare
1149 2621 1243 2716 frugi

122 2754 255 2802 servum
285 2755 492 2826 possumus,
520 2739 574 2819 et,
602 2733 631 2805 si
654 2739 707 2804 est
733 2756 905 2829 nequam,
931 2728 1047 2804 iocari.
1099 2730 1243 2803 Ridicu-

122 2837 192 2911 lum
216 2847 270 2911 est
296 2840 387 2912 illud
411 2842 654 2914 Neronianum
677 2850 778 2915 vetus
802 2842 839 2914 in
867 2842 976 2914 furaci
994 2866 1107 2927 serm,
1134 2841 1243 2913 solum

122 2971 206 3034 crae,
242 2949 303 3021 cui
331 2949 426 3023 dorni
451 2950 544 3025 nihil
559 2951 607 3025 sit
626 2976 686 3025 nec
706 2951 943 3048 reciperatam,
969 2977 1029 3025 nec
1050 2950 1242 3025 occlusum:

121 3058 213 3152 quod
248 3058 346 3130 idem
379 3060 416 3132 in
451 3059 545 3133 bono
567 3085 664 3133 servo
690 3061 759 3133 dici
784 3061 873 3133 solet
902 3055 980 3156 [sed
1006 3056 1088 3157 hoc]
1116 3060 1243 3132 iisdem

120 3281 415 3292 -—..-..-.......-.

121 3434 201 3491 tm,
215 3438 275 3495 post
281 3434 383 3491 vitiam,
396 3435 536 3483 tollendum
542 3436 658 3484 merite.
708 3449 817 3499 gnomen
832 3441 884 3485 erat
899 3434 1003 3484 Merca.-
1019 3434 1086 3484 conf.
1098 3436 1153 3485 Liv.
1165 3436 1244 3486 XLV.

151 3514 207 3560 246.
226 3528 272 3569 ea,
299 3513 358 3573 quia
378 3514 498 3561 meditata
523 3541 565 3561 -.
596 3514 657 3563 Gor·
710 3516 805 3562 13.11.

120 3595 204 3651 rupta,
225 3592 263 3639 sic
284 3590 451 3638 restituenda:
473 3594 498 3638 et
512 3592 582 3653 qaia,
597 3606 659 3653 perae
741 3595 799 3640 248.
817 3591 846 3639 id
863 3593 925 3639 aliae
944 3594 971 3639 in
990 3604 1020 3639 re
1032 3618 1065 3627 —
1080 3593 1105 3639 in
1119 3592 1189 3640 aerbo
1196 3594 1243 3657 fa-

120 3669 238 3717 nuditate
251 3696 294 3714 —.
315 3670 384 3717 Haec
395 3669 658 3717 estalteraratioistius
708 3673 792 3719 aaa.
810 3670 879 3719 Nihil
892 3670 978 3729 video,
993 3684 1037 3719 cur
1051 3669 1082 3717 ab
1096 3684 1125 3718 ea
1138 3672 1244 3720 lectione

121 3746 318 3802 condemnanrii,
334 3736 660 3809 quamprioressetetqaod
707 3748 885 3797 discedendum
905 3749 950 3806 sit,
966 3762 1039 3810 quem
1053 3749 1192 3797 Ellendtius
1206 3764 1244 3799 se-

120 3825 170 3872 riae
185 3838 261 3873 coma
274 3852 318 3871 -.
707 3832 778 3875 cutus
799 3832 850 3884 est,
873 3841 1021 3889 quamquam
1035 3827 1082 3874 aliu
1095 3828 1177 3875 omnia
1190 3830 1245 3891 pla-

152 3903 658 3967 247.qaodnoeineaaeadiaimuas=1s·
707 3920 764 3953 cere
782 3906 893 3967 Kaysero
906 3906 988 3953 video.
1023 3906 1199 3966 Quod-modo,
1214 3908 1246 3955 ad

122 3981 173 4043 cepi
199 3982 249 4031 hoc
276 3996 309 4029 ex
337 3996 388 4029 uno
413 3982 488 4031 Cori:
513 3984 583 4046 vulg.
604 3998 658 4031 eram
708 3986 794 4042 5243,
808 3984 893 4033 notavi
906 3983 1245 4044 defecetiammvocabnlo,

122 4074 207 4119 maa,
228 4061 299 4123 quod
316 4060 376 4122 quid
390 4060 435 4118 sit,
450 4067 554 4123 apparet
567 4076 597 4109 ex
611 4064 658 4123 Ep.
707 4064 776 4110 valet
796 4062 838 4109 hic
858 4076 972 4124 quoque,
990 4067 1018 4111 ut
1031 4075 1061 4110 eo
1074 4067 1153 4110 totum
1167 4078 1246 4126 genus

122 4138 151 4185 ad
164 4141 211 4198 Qu.
225 4139 288 4187 fret.
303 4139 325 4187 Ι.
340 4142 365 4185 2.
381 4140 405 4187 6.
440 4139 489 4186 Sed
503 4137 546 4187 ubi
559 4140 590 4188 de
603 4153 657 4187 ora-
707 4140 840 4189 indicetur.
871 4139 968 4187 Habere
974 4140 1087 4201 fcreeiiac
1099 4140 1134 4188 sic
1148 4141 1245 4198 dicitur,

121 4217 172 4264 tore
184 4230 268 4265 sermo
282 4222 332 4274 est,
347 4217 480 4265 dicendum
495 4222 532 4266 est
545 4232 660 4266 eumnon
709 4222 738 4266 ut
749 4218 830 4277 iufra,
846 4224 858 4277 ξ
873 4220 937 4276 252,
952 4218 1040 4267 tabem
1053 4220 1166 4279 leporem.

122 4294 166 4342 nisi
184 4296 211 4342 in
228 4310 307 4344 cama
320 4296 418 4353 dicere,
433 4295 450 4344 i.
465 4310 488 4344 e.
502 4296 556 4357 ipsa
569 4310 659 4353 musa,
743 4297 851 4346 neumis
861 4297 887 4345 in
897 4296 1106 4345 rebmeteeoerie.
1124 4296 1245 4365 Rppudio,

120 4385 190 4431 qnam
208 4373 345 4432 defendat,
366 4374 487 4422 invitante
501 4379 526 4423 et
539 4380 659 4436 opportu·
709 4389 772 4436 quae
791 4375 818 4422 in
844 4376 914 4439 vulg,
931 4376 983 4437 ipse
997 4374 1120 4437 corrigere
1133 4378 1245 4423 tentave-

56 4505 66 4517 ι
120 4450 218 4508 nitatem
232 4452 320 4500 dante.
338 4452 502 4515 Oppositum,
516 4454 658 4512 simeones,
707 4468 775 4501 ram:
796 4455 894 4515 suscepi
910 4454 992 4515 potius
1006 4453 1158 4517 ingeniosam
1172 4452 1246 4501 Pide·

120 4534 168 4586 eat,
182 4531 236 4579 sine
250 4531 373 4579 eiusmodi
386 4531 580 4593 opportunitate.
707 4532 756 4581 ritii
775 4533 969 4588 comestionem,
990 4547 1035 4593 pro
1056 4532 1124 4593 vulg.
1139 4530 1246 4579 nonestis
1282 4552 1285 4559 v

151 4609 219 4667 elipe
231 4621 338 4656 muscae.
358 4611 452 4671 Nempe
466 4609 604 4671 Sempronii
615 4624 657 4657 co·
707 4612 734 4658 in
747 4613 920 4659 recurrerem.
