3242 5500
400 539 469 610 172
713 559 827 608 urana
853 557 1056 610 snouunna
1085 541 1102 621 t
1129 539 1210 608 124.

396 730 591 805 instituisti.
647 733 772 829 Neque
804 731 899 803 enim
934 736 986 802 est
1016 728 1118 816 boni,
1144 754 1260 827 neque
1283 730 1432 803 liberalis
1453 758 1502 828 pa·

396 840 523 925 rentis,
561 865 665 936 quem
701 839 892 937 procrearis
928 847 963 911 et
1004 838 1185 926 eduxeris,
1228 863 1309 911 eum
1346 864 1414 912 non
1445 837 1499 937 [et]

395 949 522 1021 vestire
559 958 595 1022 et
617 975 760 1036 ornare,
786 948 990 1045 praesertim
1015 972 1125 1044 quum
1153 956 1188 1020 te
1211 948 1418 1044 locupletem
1442 974 1501 1022 esse

396 1081 525 1152 negare
571 1084 643 1131 non
677 1059 801 1155 possis.
860 1057 968 1133 Quod
1001 1056 1096 1128 enim
1129 1064 1396 1146 ornamentum,
1429 1084 1501 1155 quae

395 1167 468 1254 vis,
507 1168 568 1263 qui
593 1168 753 1254 animus,
780 1191 871 1263 quae
895 1165 1050 1262 dignitas
1067 1166 1120 1238 illi
1142 1166 1269 1238 oratori
1299 1166 1429 1254 defuit,
1452 1169 1500 1264 qui

395 1276 433 1347 in
467 1300 572 1349 causa
606 1276 801 1373 peroranda
835 1300 907 1348 non
937 1275 1110 1348 dubitavit
1135 1275 1285 1347 excitare
1313 1300 1413 1348 reum
1434 1301 1500 1348 eon·

396 1385 567 1472 sularem,
610 1394 645 1458 et
687 1387 763 1458 eins
808 1385 989 1484 diloricare
1039 1385 1216 1471 tunicam,
1264 1391 1300 1457 et
1344 1385 1501 1458 iudicibus

394 1493 571 1567 cicatrices
616 1496 777 1567 adversas
816 1494 908 1566 senis
943 1493 1167 1590 imperatoris
1204 1493 1416 1566 ostendere?
1452 1496 1500 1590 qui

394 1603 508 1689 idern,
545 1603 610 1676 hoc
639 1611 826 1676 accusante
851 1598 1061 1700 [Sulpicio]‚
1087 1627 1197 1699 quum
1221 1602 1401 1675 hominem
1426 1604 1499 1676 sedi·

393 1714 524 1784 tiosum
547 1712 789 1809 furiosumque
804 1712 1024 1799 defenderet,
1047 1736 1119 1783 non
1138 1711 1312 1783 dubitavit
1330 1713 1499 1784 seditiones
1592 1729 1593 1734 ’

393 1821 487 1918 ipsas
519 1846 663 1908 ornare,
693 1832 728 1894 et
763 1822 1000 1894 demonstrare
1024 1820 1243 1916 gravissimis
1266 1820 1400 1908 verbis,
1425 1822 1498 1893 rnul-

393 1939 448 2003 tos
470 1955 573 2028 saepe
596 1931 750 2028 impetus
774 1931 898 2027 populi
922 1954 994 2002 non
1019 1930 1169 2002 iniustos
1194 1954 1287 2016 esse,
1314 1955 1400 2026 quos
1416 1955 1497 2027 prae·

394 2047 484 2112 stare
508 2065 611 2112 nemo
635 2042 780 2136 posset?
806 2040 935 2113 multas
956 2039 1061 2112 etiam
1087 2038 1313 2135 erepublica
1327 2040 1497 2113 seditiones

394 2172 497 2245 saepe
521 2173 596 2221 esse
620 2151 747 2235 factas,
774 2157 815 2221 ut
830 2173 942 2245 quum
953 2172 1054 2244 reges
1068 2158 1184 2221 essent
1197 2149 1325 2235 exacti,
1352 2157 1496 2246 utquum

392 2257 581 2330 tribunicia
605 2266 759 2355 potestas
784 2266 876 2330 esset
901 2259 1107 2345 constituta
1134 2258 1231 2330 illam
1251 2252 1438 2353 [Norbani]
1453 2282 1495 2329 se-

395 2367 566 2439 ditionem
596 2391 639 2439 ex
671 2368 769 2440 luctu
799 2368 950 2454 civium,
984 2374 1019 2440 et
1044 2392 1087 2438 ex
1115 2367 1303 2463 Caepionis
1327 2368 1423 2454 odio,
1447 2366 1496 2462 qui
1592 2409 1593 2412 =

391 2476 584 2548 exercitum
596 2477 777 2562 amiserat,
803 2501 919 2572 neque
932 2477 1076 2572 reprimi
1089 2477 1264 2572 potuisse,
1291 2484 1326 2550 et
1348 2477 1420 2548 iure
1435 2500 1496 2547 esse

318 2616 364 2662 res
389 2585 599 2658 conflatam?
623 2585 745 2658 Potuit
767 2584 825 2658 hic
845 2586 1034 2660 locustam
1055 2611 1201 2681 anceps,
1223 2593 1296 2657 tam
1314 2586 1493 2669 inauditus,

387 2703 459 2768 tam
481 2694 658 2784 lubricus,
684 2704 757 2769 tam
781 2719 913 2783 novus,
940 2695 1015 2769 sine
1036 2695 1188 2792 quadam
1213 2695 1409 2769 incredibili
1424 2696 1495 2766 siaa
1591 2764 1592 2769 ,

388 2806 552 2878 facultate
588 2806 728 2879 dicendi
764 2803 933 2878 tractari?
971 2805 1071 2882 Quid
1106 2830 1172 2901 ego
1205 2806 1250 2877 de
1272 2806 1338 2878 Cn.
1365 2804 1493 2887 Manlii,

389 2915 543 3011 quidde
566 2917 611 2991 Q.
638 2915 748 3009 Regis
771 2916 1073 2987 commiseratione
1097 2914 1236 2986 dicam?
1261 2915 1350 3010 quid
1372 2914 1413 2986 de
1427 2912 1493 2984 aliis

390 3023 732 3097 innumerabilibus?
768 3024 963 3120 inquibus
993 3023 1058 3096 hoc
1086 3048 1159 3095 non
1184 3025 1336 3096 maxime
1361 3022 1493 3105 enituit,
1590 3090 1591 3099 ,

388 3133 484 3229 qnod
519 3132 586 3205 tibi
621 3158 742 3205 omnes
776 3132 881 3221 dant,
919 3158 1065 3205 acumen
1101 3132 1278 3230 quoddam
1316 3132 1478 3229 singulare
1485 3162 1492 3214 ;

389 3242 451 3314 sed
474 3242 559 3314 haec
583 3242 679 3339 ipsa,
706 3267 795 3338 quae
820 3268 915 3316 nuno
939 3242 982 3314 ad
1007 3267 1065 3314 me
1086 3242 1248 3338 delegare
1267 3243 1338 3331 vis,
1364 3268 1401 3315 ea
1416 3264 1492 3313 sem·

387 3376 450 3449 per
473 3352 509 3424 in
534 3361 570 3426 te
595 3352 722 3424 eximia
746 3361 781 3425 et
802 3353 1018 3447 praestantia
1042 3352 1196 3425 suerunt.

385 3644 457 3692 ritate
470 3642 689 3700 satisdefenditrrr3
704 3647 738 3701 et,
752 3642 922 3707 effingeretur,
973 3659 1043 3693 nemo
1063 3658 1111 3693 noa
1127 3646 1212 3705 poscet
1220 3680 1226 3703 ,
1241 3645 1373 3706 locumque
1385 3643 1416 3691 iu
1426 3640 1489 3688 inter·

385 3721 534 3784 significaret
552 3722 655 3769 loricam
668 3721 820 3778 distrahere,
835 3728 863 3771 ut
875 3722 922 3770 im·
972 3727 1097 3785 pretatnr;
1120 3724 1210 3771 multos
1231 3722 1338 3784 impetus
1351 3722 1384 3770 itu
1396 3735 1441 3768 non
1451 3716 1490 3764 iuri

385 3798 485 3860 proprie
505 3799 649 3862 iungeretur
670 3813 727 3847 cum
745 3801 838 3848 tunica.
873 3801 923 3849 Sed
972 3802 1106 3860 adversari,
1121 3806 1149 3849 nt
1161 3815 1202 3849 eos
1210 3801 1490 3862 unusquisqnepruestare

385 3878 503 3938 scriptum
517 3877 566 3925 fuit
577 3878 630 3926 sine
644 3876 720 3925 dubio
734 3877 880 3935 discindere,
895 3884 923 3927 ut
972 3893 1001 3927 ao
1015 3878 1150 3929 defendere
1164 3878 1249 3941 possit.
1268 3881 1325 3928 Non
1339 3878 1434 3939 accipio.
1448 3876 1488 3921 Ve-

385 3955 463 4012 infra,
478 3959 491 4012 ξ
508 3956 567 4003 195:
587 3953 731 4003 Norbanum
739 3940 922 4005 ffiho'c‘iuuicio
971 3958 1017 4005 luti
1040 3961 1172 4019 praestare
1199 3958 1280 4021 (quod
1306 3958 1349 4005 ille
1378 3966 1489 4018 perperam
1587 3988 1588 3997 ,

384 4034 514 4081 loricatum
539 4033 636 4081 affuisse
656 4034 764 4096 cogitare
788 4048 922 4096 sanequam
971 4051 1028 4084 eum
1042 4036 1192 4097 defendendi
1204 4034 1282 4083 verbo
1295 4033 1429 4097 coniungit)
1439 4029 1489 4080 nibil

384 4112 456 4160 nimis
469 4110 603 4160 absurdum
617 4117 662 4161 est.
675 4138 710 4147 —
727 4115 799 4171 Mox,
815 4111 923 4173 sapricio
971 4114 1038 4162 aliud
1053 4119 1098 4171 est,
1112 4114 1158 4162 nisi
1170 4128 1256 4162 eornm
1268 4117 1366 4174 cumam
1376 4112 1488 4163 munere,

383 4189 549 4239 abiiciendum
575 4205 628 4240 esse
656 4196 769 4253 apparet:
797 4190 865 4239 conf.
891 4191 922 4239 ad
970 4194 990 4241 si
1004 4193 1051 4241 orti
1065 4193 1127 4241 sint:
1142 4194 1208 4241 conf.
1223 4206 1287 4253 quac
1302 4192 1385 4241 notavi
1394 4188 1488 4238 inScho·

386 4270 471 4329 5107.
969 4271 1011 4319 k'e.
1031 4274 1156 4333 Hypomn.
1177 4272 1209 4319 V.
1227 4286 1253 4332 p.
1271 4272 1367 4332 12,sq.
1399 4271 1489 4319 Necesse

416 4349 507 4400 multoe
519 4362 591 4410 saepe
604 4348 920 4409 impetur-nemopoeaet.
970 4354 1052 4397 autem
1080 4354 1117 4397 est
1137 4349 1273 4397 Antonium
1293 4348 1320 4397 in
1340 4350 1382 4397 illa
1401 4348 1488 4395 demon·

384 4427 500 4476 Pideritio
514 4427 607 4489 aliquid
620 4428 646 4475 iu
660 4427 699 4475 his
710 4427 843 4475 desiderari
850 4426 920 4475 vide·
970 4428 1087 4476 strattone
1100 4426 1212 4475 obtinere
1225 4428 1347 4485 voluisse,
1362 4425 1488 4476 Norbanum

383 4503 822 4563 bermutssnasentenuaexsuret:
836 4505 920 4566 itaque
968 4506 1037 4555 istius
1069 4506 1193 4555 seditionis
1221 4506 1324 4555 erimine
1352 4501 1488 4553 liberandum

383 4583 414 4631 de
435 4586 576 4634 coniectura
596 4586 687 4640 edidit,
713 4598 772 4646 quoe
787 4584 921 4645 praestare
969 4600 1035 4642 esse,
1051 4599 1108 4633 nam
1117 4581 1487 4647 populiillumr'mpetumfnisse:
1585 4586 1586 4589 ’
