3242 5500
373 524 445 594 236
687 543 801 591 arnan
827 543 1031 598 sncouoos.
1059 527 1077 606 §
1104 525 1186 594 284.

372 714 507 808 inquit,
530 712 662 787 Lucilii
684 739 790 809 pectis
812 714 913 798 illul,
937 715 1064 790 erratis
1091 717 1292 802 (defendere
1317 715 1494 788 Lucilium

372 822 590 908 videbatur):
625 847 685 919 epa
717 823 861 896 liberum
889 836 1085 918 praeesse:
1111 825 1295 919 qualibet,
1319 824 1494 920 pascitur.

302 945 349 991 2⁸⁵
373 931 493 1004 Placet
526 933 633 1005 etiem
665 932 754 1004 mihi
777 933 868 1005 illud
893 933 1067 1029 Scipionis
1091 934 1206 1019 illius,
1233 935 1297 1029 qui
1321 935 1363 1006 Τ.
1392 934 1495 1004 Grec·

374 1041 480 1116 chum
504 1042 671 1137 percidit:
697 1067 809 1137 quum
831 1043 864 1113 ei
885 1042 937 1114 M.
964 1043 1110 1114 Flaccus
1131 1043 1251 1115 multis
1276 1033 1416 1138 pr'obris
1437 1041 1495 1113 ob·

374 1150 475 1223 iestis
517 1149 558 1222 P.
601 1150 764 1223 Mucium
806 1151 961 1223 iudicem
1000 1151 1159 1237 tulisset,
1198 1150 1323 1234 Euro,
1361 1153 1495 1246 inquit,

374 1260 516 1355 iniquus
547 1273 620 1332 est:
657 1285 770 1354 quum
799 1269 891 1333 esset
914 1260 1238 1347 admurmuretum,
1264 1259 1338 1344 Ali,
1364 1261 1495 1355 inquit,

375 1369 424 1442 P.
458 1365 518 1453 0.,
552 1394 623 1443 aaa
650 1394 711 1465 epo
739 1370 828 1442 milii·
857 1370 958 1443 illam
980 1369 1141 1466 iaiqrium
1158 1370 1262 1453 ciera
1287 1395 1407 1442 oerum
1430 1394 1494 1442 aar·

376 1478 487 1551 aidus.
538 1479 597 1552 Ab
633 1478 699 1551 hoc
733 1504 813 1550 vero
851 1475 1011 1574 [Cressa]
1051 1479 1142 1552 nihil
1177 1479 1347 1552 facetius:
1390 1503 1495 1574 quum

377 1587 535 1659 laesisset
566 1589 668 1659 testis
702 1588 809 1660 Silius
842 1589 1027 1675 Pisonem,
1061 1589 1158 1684 quod
1182 1614 1218 1661 se
1247 1589 1285 1660 in
1322 1613 1406 1661 eum
1440 1613 1494 1660 su·

379 1696 472 1768 disse
504 1696 670 1783 dixisset,
710 1697 834 1771 Potest
856 1698 958 1792 fleri,
994 1699 1132 1795 inquit,
1165 1694 1254 1778 Sile,
1277 1711 1318 1770 ιιι
1338 1697 1388 1779 is,
1412 1697 1496 1770 uude

331 1889 338 1898 ,
379 1818 412 1878 te
445 1805 582 1879 audisse
615 1805 721 1889 (licis,
759 1806 875 1880 iratus
905 1807 1053 1880 dicerit.-
1088 1808 1214 1880 annuit
1239 1807 1353 1880 Silus:
1381 1806 1496 1879 Potest

379 1915 485 1988 etima
520 1928 560 1988 ut
596 1929 635 1987 ta
664 1940 735 1989 aaa
761 1929 849 1990 recte
870 1916 1099 1991 iutelleaais:
1124 1917 1163 1988 id
1187 1921 1329 2012 quoqire
1349 1924 1425 1988 toto
1446 1940 1495 1987 ca-

380 2026 454 2123 pite
487 2026 634 2111 annuit,
671 2034 711 2097 ut
744 2051 781 2098 se
816 2027 942 2100 Crasso
973 2027 1091 2099 deret:
1126 2026 1248 2100 Potest
1275 2025 1384 2099 etiam
1398 2023 1493 2120 fieri,

381 2136 516 2231 inquit,
550 2147 591 2206 ut
623 2134 783 2222 manino,
818 2135 913 2232 quod
942 2149 974 2209 te
1003 2137 1142 2210 audisse
1174 2135 1278 2218 dicis,
1312 2159 1494 2230 uuniquam

381 2244 556 2318 audieris:
602 2243 667 2316 hoc
699 2244 750 2316 its
782 2253 918 2340 praeter
951 2246 1246 2341 exspectationem
1281 2244 1428 2329 eccidit,
1461 2251 1493 2313 ut

381 2364 508 2427 testem
531 2354 690 2426 omnium
712 2356 805 2426 risus
828 2354 1001 2428 obrueret.
1053 2354 1173 2427 Huius
1195 2354 1334 2449 generis
1359 2363 1413 2426 est
1427 2352 1492 2448 ple·

281 2459 285 2466 ’
383 2489 451 2536 nus
475 2464 632 2548 Novius,
657 2471 694 2535 et
716 2462 815 2535 iocus
838 2472 892 2535 est
913 2465 1109 2550 familiaris,
1135 2460 1285 2558 Sapiens
1310 2463 1342 2536 si
1364 2461 1494 2558 alpetis

384 2587 522 2659 trenes,
543 2582 578 2645 et
602 2573 671 2644 alia
693 2573 880 2667 permulto.
994 2661 996 2665 Ι

313 2698 355 2769 71
434 2683 545 2780 Saepe
580 2683 687 2756 etiem
717 2682 829 2755 facete
858 2684 1027 2755 concedes
1061 2682 1257 2755 edversario
1293 2680 1332 2753 id
1368 2681 1492 2777 ipsum,

310 2826 358 2871 sss
385 2793 481 2889 quod
502 2792 570 2865 tibi
591 2793 651 2864 ille
673 2792 844 2877 detrehii3
869 2804 909 2864 ut
934 2793 975 2864 O.
999 2793 1157 2877 LaeliuS,
1183 2816 1295 2887 quum
1312 2792 1345 2863 ei
1362 2790 1493 2886 quidem

385 2903 478 2975 melo
502 2926 630 2997 genere
651 2910 756 2973 natus
778 2902 929 2988 diceret,
954 2901 1143 2997 indignum
1167 2926 1243 2973 esse
1273 2901 1346 2973 suis
1369 2897 1493 2971 maiori-

385 3012 473 3097 bus,
508 3010 559 3082 Αι
591 3010 737 3091 ureae,
762 3011 900 3107 inquit,
927 3024 966 3083 ta
989 3012 1060 3083 tais
1079 3010 1214 3109 (liparis.
1267 3010 1378 3106 Saepe
1401 3008 1494 3079 etism

386 3121 599 3193 sententiose
631 3120 780 3193 ridicula
815 3120 997 3205 dicuntum
1024 3130 1064 3193 ut
1086 3120 1138 3191 M.
1165 3119 1331 3204 Cincius,
1357 3144 1423 3215 quo
1444 3115 1493 3187 dic

386 3232 502 3325 legem
526 3230 571 3301 de
589 3230 691 3301 donis
712 3238 748 3302 et
764 3229 971 3302 muneribus
985 3230 1089 3315 tulit,
1110 3253 1221 3325 quum
1238 3228 1279 3301 C.
1301 3228 1409 3300 Cento
1425 3247 1492 3322 pro·

387 3340 509 3425 disset,
535 3348 572 3411 et
592 3340 677 3411 setis
697 3339 961 3425 contumeliose,
991 3337 1086 3423 Quia
1094 3335 1185 3434 fers,
1209 3332 1383 3411 Cinciole?
1401 3357 1492 3432 quee-

316 3486 363 3536 287
389 3450 511 3536 sisset,
542 3448 592 3523 Ut
610 3474 719 3531 arras,
742 3450 879 3544 inquit,
908 3445 995 3535 Oai,
1022 3449 1129 3522 siuti
1147 3449 1239 3521 velis.
1276 3448 1386 3543 Saepe
1402 3445 1494 3517 etiem

388 3704 512 3765 prolatum
531 3702 598 3759 vidi,
618 3716 669 3763 quo
681 3701 745 3749 illud
758 3698 923 3766 παραπρισδὸ-
1005 3699 1110 3756 annuit,
1131 3699 1161 3745 ιιι
1178 3712 1205 3744 se
1220 3696 1309 3743 Crasso
1321 3695 1400 3743 daret.
1430 3691 1495 3741 Nulla

389 3798 458 3834 κητω
481 3781 655 3843 explicaretur.
695 3779 745 3827 Sed
764 3779 835 3827 initio
858 3784 925 3827 certe
972 3779 999 3825 in
1020 3778 1058 3825 his
1078 3777 1142 3825 iusta
1159 3776 1267 3836 syntaxis
1281 3778 1390 3836 apparet.
1422 3768 1494 3820 Corri-

388 3860 563 3922 corrigendum
580 3858 641 3915 erit,
654 3859 721 3905 velut
733 3856 819 3917 Appii.
974 3856 1098 3919 gendum,
1119 3856 1209 3901 canuit
1221 3869 1248 3901 ee
1263 3854 1352 3900 Crasso
1365 3853 1433 3906 dare,
1445 3849 1460 3895 i.
1473 3860 1494 3893 e.

422 3940 480 3985 285.
499 3952 574 3999 quam
586 3938 609 3984 ei
622 3935 659 3983 Μ.
671 3936 775 3983 Flaccus
787 3962 830 3981 -.
852 3934 926 3997 iungi
974 3935 1126 3990 concedere,
1141 3933 1211 3980 euius
1220 3930 1348 4007 phiectum
1362 3928 1439 3977 estid.

389 4017 471 4065 solent
481 4016 541 4064 telis
555 4030 600 4077 per
609 4015 761 4063 Relativum:
776 4014 924 4062 utierecor·
976 4058 982 4070 ,
1008 4014 1066 4061 286.
1083 4014 1112 4059 ιιι
1124 4011 1232 4058 hercule.
1250 4010 1354 4070 Aptius,
1368 4006 1447 4060 credo,
1460 4003 1495 4049 le·

389 4096 470 4159 rigere
481 4096 599 4151 audeam,
614 4094 665 4155 qui,
680 4108 755 4156 quum
766 4091 803 4139 Μ.
814 4092 925 4149 Flaccus,
974 4105 1061 4155 gemus
1074 4090 1100 4137 et
1111 4089 1219 4137 incute.
1236 4087 1357 4148 Usurpsri
1367 4079 1493 4133 soletconi.

390 4174 507 4236 quonism
520 4173 645 4221 diversum
659 4177 697 4220 est
706 4172 755 4219 hoc
766 4169 845 4227 abeo,
860 4170 927 4231 quod
975 4170 1001 4216 ei
1013 4170 1039 4217 iu
1051 4167 1257 4218 eiusmodiforms
1265 4163 1428 4217 concedendi,
1439 4171 1494 4220 quae

389 4254 481 4309 modo,
499 4252 526 4299 in
539 4257 552 4310 ξ
567 4252 630 4308 278,
644 4249 815 4313 corrigebam,
831 4248 926 4297 dissen·
975 4262 1032 4295 cum
1051 4246 1245 4309 reprehensione
1265 4244 1393 4293 coniuncte
1413 4243 1457 4295 ests
1469 4240 1494 4282 ¹¹²

390 4332 455 4379 tiens
468 4345 483 4378 a
497 4329 625 4392 Madvigio
639 4331 686 4389 Ep.
702 4328 763 4377 crit.
776 4343 803 4389 p.
820 4328 876 4375 loo.
889 4340 927 4387 sq.
975 4328 1000 4374 in
1018 4329 1044 4374 et
1058 4324 1163 4387 quiden.

392 4411 480 4469 ltaque
493 4422 552 4457 mox
563 4421 661 4469 quoque
672 4406 861 4470 corrigendum,
875 4405 926 4465 qai,
1009 4404 1067 4453 287.
1085 4405 1205 4465 mutaque
1218 4416 1293 4464 quum
1304 4397 1492 4461 uociferarentur·

393 4502 468 4549 quam
494 4487 613 4534 maur.
653 4487 746 4535 Contra
770 4488 867 4533 rectum
891 4488 928 4531 est
976 4484 1017 4531 Ad
1037 4484 1058 4530 l.
1080 4487 1093 4541 ξ
1116 4484 1162 4538 82,
1184 4481 1250 4537 dixi,
1271 4477 1493 4541 corrigendumeue

393 4580 467 4626 qrrum
480 4567 517 4623 ei,
532 4570 546 4624 ξ
559 4567 617 4613 286.
976 4562 1050 4609 amici
1063 4575 1138 4621 quum
1151 4588 1192 4617 —‚
1207 4558 1304 4607 abiecto
1318 4572 1369 4619 qtae.
