3242 5500
466 587 575 636 risun
602 587 740 635 asinus
767 572 784 650 §
813 570 893 641 157.
1195 574 1240 642 65

120 757 277 855 plurimis
315 764 348 828 et
385 757 511 829 uostris
550 758 688 854 scriptis
726 767 758 829 et
794 760 928 831 alienis.
981 760 1103 857 Atque
1134 764 1170 834 in
1201 787 1241 835 ea

120 868 360 939 exercitatione
388 890 459 938 non
486 890 568 938 saue
593 867 680 939 mihi
706 868 869 965 displicet
894 868 1077 958 adhibere,
1104 872 1134 945 si
1158 897 1240 944 con·

119 978 243 1063 sueriS,
270 978 376 1049 etiam
400 978 504 1049 istam
525 978 679 1049 locorum
699 978 1035 1075 simulacrorumque
1051 981 1240 1068 rationem,

119 1110 204 1180 quae
225 1086 262 1158 in
287 1095 361 1158 arte
386 1086 547 1159 traditur.
604 1082 812 1181 [Educenda
836 1087 964 1159 deinde
989 1090 1098 1162 dictio
1123 1098 1173 1163 est
1198 1114 1241 1163 ex

119 1194 179 1267 hac
215 1195 404 1267 domestica
441 1196 685 1267 exercitatione
722 1205 757 1268 et
792 1194 971 1269 umbratili
1007 1199 1164 1271 medium
1200 1200 1238 1271 in

117 1328 262 1400 agmen,
288 1304 325 1376 in
351 1304 549 1401 pulverem,
575 1304 611 1375 iu
637 1304 840 1390 clamorem,
866 1306 903 1376 in
924 1314 1052 1393 castra,
1078 1316 1184 1403 atque
1201 1308 1240 1379 in

117 1415 222 1485 aciem
236 1414 434 1487 ¹forensem:
473 1413 679 1487 subeundus
704 1438 789 1485 usus
815 1413 1015 1502 hominum,
1042 1426 1077 1489 et
1101 1417 1237 1512 pericli·

117 1523 241 1595 tandae
278 1524 368 1596 vires
407 1524 558 1619 ingenii,
597 1532 631 1594 et
668 1522 728 1594 illa
765 1525 1012 1597 commentatio
1043 1525 1237 1598 inclusam

116 1858 187 1907 dictio
207 1857 281 1906 educi
300 1856 405 1905 dicenda
426 1863 479 1906 erat
492 1874 505 1905 e
519 1859 650 1907 domestica
699 1860 743 1908 illo
757 1859 927 1921 praecipiendi
939 1858 1029 1917 modo,
1049 1858 1129 1919 quiin
1142 1858 1237 1920 reliqua

116 1938 304 1994 exercitatione,
319 1936 434 1996 quoniam
446 1938 593 1985 exercitatio
600 1951 650 1985 nou
700 1938 880 1986 exercitationis
898 1937 1112 1985 commendatione
1125 1937 1237 1985 domina·

116 2015 159 2063 uisi
171 2019 294 2063 oratorem
309 2012 422 2076 attingit,
440 2014 649 2062 cuiussaneiruc-
699 2021 747 2063 tur.
783 2016 913 2077 Sequitur,
926 2014 1239 2079 animadverterentur

116 2098 152 2141 tus
172 2099 208 2141 est
228 2093 308 2141 oratio
328 2106 349 2141 s.
367 2092 451 2141 dictio.
486 2092 650 2141 Domesticcm
700 2094 850 2157 Madvigius,
858 2091 1074 2153 msuaffominam:
1089 2094 1236 2142 sedutcum·

116 2172 315 2219 eaercitaticaem
327 2171 484 2231 interpretari
497 2185 597 2219 neeesse
605 2172 651 2220 erit
700 2187 747 2233 que
761 2174 872 2235 legatur,
886 2171 1002 2219 Latinum
1017 2186 1068 2218 uon
1081 2176 1135 2229 est,
1149 2171 1236 2233 quoui-

116 2263 163 2297 uon
170 2264 237 2309 eam,
247 2264 309 2311 quae
316 2237 413 2298 tantum
421 2249 488 2297 domi
494 2250 648 2311 suscipiatur,
700 2264 739 2297 am
757 2250 840 2297 subire
853 2249 957 2297 dicimur
963 2249 1002 2307 id,
1017 2250 1083 2309 quod
1089 2251 1236 2308 molestum,

115 2327 157 2375 sed
176 2342 249 2388 quarn
271 2328 373 2389 quisque
394 2326 440 2375 sihi
459 2333 556 2376 tantum
569 2330 648 2377 colat:
699 2329 789 2376 durum
809 2328 934 2375 antitiste
955 2331 1007 2385 est,
1027 2327 1054 2375 iu
1075 2342 1124 2389 quo
1145 2343 1237 2391 genere

115 2406 156 2453 sed
168 2406 209 2455 vix
223 2407 365 2468 oppositum
385 2404 516 2468 probatum
529 2406 560 2454 iri
572 2412 649 2467 puto,
699 2421 780 2468 neque
814 2420 886 2464 aeas,
919 2419 999 2465 neque
1026 2406 1092 2453 cimae
1115 2407 1237 2454 bominum

115 2484 133 2531 si
147 2484 198 2545 quis
212 2485 281 2533 dicat
289 2484 406 2545 publica,
428 2490 470 2533 aut
478 2485 592 2545 serenate
605 2499 648 2533 ea·
699 2483 779 2549 (quod
798 2484 879 2546 ipsum
899 2484 1023 2532 diceretur
1042 2490 1129 2533 contra
1142 2486 1236 2533 Latini-

115 2564 234 2621 usitatio,
242 2577 306 2624 quae
313 2564 433 2625 plurimos
441 2564 547 2626 attingit,
563 2578 648 2624 quem·
698 2561 787 2626 tatem)
808 2562 903 2611 censeri
923 2566 1014 2624 potest.
1049 2562 1123 2621 Quod
1140 2568 1235 2625 postre-

115 2641 244 2689 admodum
266 2643 330 2690 inter
351 2656 377 2689 se
399 2648 559 2704 opponuntur
584 2646 649 2690 mato
699 2656 740 2689 mo
760 2640 864 2697 dicitur,
892 2642 1063 2690 commentatio
1089 2642 1184 2690 rasae
1210 2644 1237 2691 in

115 2719 259 2779 ranseries,
275 2726 301 2769 et
309 2721 419 2781 patrica.
454 2722 585 2771 Praeterea
598 2736 649 2769 uon
699 2720 813 2770 ueritatis
833 2722 910 2769 lacem
926 2719 1145 2781 profereadaest,
1159 2720 1185 2769 iu
1198 2721 1237 2770 his

114 2797 241 2858 oportebat
254 2799 324 2846 illam
338 2800 537 2848 exercitationem
550 2801 648 2847 umbra·
699 2799 782 2847 multis
796 2799 875 2847 modis
887 2803 1013 2859 peccatur.
1047 2797 1173 2846 lactucam
1183 2814 1234 2848 non

115 2875 179 2924 litem
198 2877 336 2938 appellari,
361 2892 409 2938 quo
424 2878 553 2927 Adiectivo
570 2878 649 2927 conti·
699 2882 736 2926 est
748 2877 814 2925 idem
828 2877 895 2938 quod
902 2877 1073 2934 domesticam
1088 2891 1236 2939 quamquam

114 2955 164 3002 neri
183 2958 247 3004 solet
268 2956 381 3004 mollitiei
392 2956 568 3018 reprehensio,
586 2957 649 3006 adeo
698 2955 1235 3017 conmentotiodieipotestpromoreautiu·
1290 2973 1294 2978 ’

114 3037 139 3080 ut
157 3033 364 3095 philosophorum
385 3035 462 3084 oratio
482 3049 508 3085 v,
529 3049 552 3083 c.
574 3035 650 3097 possit
698 3035 782 3082 stituto
789 3033 982 3092 commentandi,
989 3033 1236 3096 sicutisupra,5150.

113 3107 251 3164 amalraus
271 3114 407 3175 appellari,
422 3129 472 3163 uon
485 3114 538 3175 ipsa
552 3115 648 3163 exeret·
698 3114 774 3171 Tum,
789 3112 816 3158 in
828 3113 943 3161 saerata
955 3115 1032 3160 ocem
1044 3112 1101 3160 ideo
1107 3112 1236 3170 vitiosum,

115 3191 181 3238 tatio.
223 3195 295 3250 Quae
316 3196 452 3253 sequuntur
479 3193 597 3256 (medium
623 3193 649 3240 ia
698 3191 754 3252 quia
772 3192 936 3240 ceritassafie
949 3189 1066 3238 tribuitur
1080 3191 1146 3240 veris
1158 3192 1237 3259 causis

113 3283 194 3332 acmen
206 3297 241 3306 —
248 3269 391 3334 foreirsem)
403 3271 507 3319 fortasse
519 3261 649 3332 spleifflida
698 3283 760 3330 quae
768 3274 883 3332 aguntur,
897 3269 979 3330 itaque
986 3270 1120 3331 opponitur
1125 3269 1154 3318 iis
1162 3285 1236 3334 argu-

113 3347 224 3396 videutur
252 3348 321 3406 aliis,
348 3349 389 3409 qui
409 3349 497 3398 similia
521 3348 648 3409 hucusque
698 3347 875 3409 mentis,quae
886 3347 917 3396 ab
929 3346 1066 3396 oratoribus
1077 3349 1109 3395 ad
1121 3350 1236 3410 volupta-

113 3423 280 3485 probaverunt
299 3426 326 3474 in
348 3427 509 3485 Catilinariis,
532 3427 576 3474 sed
601 3427 647 3474 mi·
697 3431 747 3474 tem
761 3424 1236 3489 tautumanimitractautur(utiu0rat.

113 3517 165 3550 sero
184 3509 210 3552 et
227 3519 280 3552 nou
299 3506 429 3554 tolerando
443 3504 557 3553 laborant
570 3503 649 3552 abusu
699 3503 773 3568 538),
784 3504 845 3552 item
851 3503 1136 3567 fictiscausis(utsupra,
1145 3509 1157 3563 5
1167 3503 1237 3566 149);

114 3580 258 3641 verborum,
293 3597 398 3644 quorum
425 3585 522 3632 nullum
549 3582 648 3645 probari
699 3580 1236 3632 sednonideoluaetribueudeesthuicveri·

114 3664 198 3720 potest,
213 3666 386 3723 praeterquam
395 3661 649 3721 inaciemforeaaem,
699 3660 752 3709 tati.
767 3661 829 3708 Satis
844 3665 897 3708 erat
905 3659 1027 3720 proferre
1040 3661 1159 3719 talarem,
1174 3675 1237 3721 quae

113 3744 139 3785 ut
163 3743 175 3798 ξ
198 3739 245 3790 147
267 3740 357 3793 dieitur
377 3740 404 3788 in
423 3741 500 3802 foro,
527 3744 650 3804 tamquam
699 3739 818 3799 loquendi
830 3739 893 3786 ratio
905 3743 984 3787 exstat
994 3738 1117 3786 inParad.
1125 3754 1236 3801 prooem.

113 3817 138 3862 in
150 3819 215 3874 acie,
237 3823 263 3866 et
278 3823 290 3878 ξ
305 3821 353 3866 252
367 3820 432 3868 acies
445 3821 583 3880 quotidiani
596 3835 649 3868 ma·
701 3823 713 3877 §
728 3821 752 3875 4,
768 3816 811 3865 ubi
825 3816 949 3866 obiectum
963 3815 1038 3865 habet
1048 3817 1236 3878 ipsaillaadmi·

112 3897 184 3943 neria.
220 3897 286 3953 Sed,
304 3911 380 3958 quum
393 3913 492 3960 pugnae
507 3903 532 3947 et
546 3905 649 3948 conten·
699 3894 795 3954 rabilia,
811 3911 874 3957 quae
889 3895 1238 3946 nonnisiiuseholasolebant

112 3971 181 4022 tionis
199 3974 336 4024 similitudo
355 3977 495 4037 quaeritur,
513 3977 576 4025 nihil
587 3978 650 4026 istuc
699 3974 814 4032 tractari;
828 3976 872 4023 sed
884 3976 1055 4023 commentatio
1068 3976 1173 4036 proferri
1186 3991 1238 4026 nou

112 4053 217 4112 pertinet
238 4068 320 4115 neque
341 4069 439 4118 symea,
454 4070 535 4117 neque
551 4060 649 4114 caetra,
699 4058 781 4115 potest
794 4054 822 4101 ia
836 4054 956 4112 lacem,si
963 4055 1066 4116 luxipsa
1073 4055 1120 4102 erit
1130 4057 1238 4114 ceritas,

113 4132 226 4190 quoniam
248 4146 330 4193 neque
351 4133 375 4180 in
395 4134 455 4190 illo,
478 4148 559 4195 neque
573 4135 598 4182 in
613 4135 651 4182 his
699 4132 715 4179 i.
730 4147 753 4180 e.
767 4132 835 4192 ipsae
842 4145 942 4188 causae,
952 4147 1014 4193 quae
1022 4132 1237 4194 agunturiuioro,

113 4222 194 4272 pugna
219 4211 339 4258 consistit.
381 4212 454 4270 Quod
481 4227 555 4274 porro
580 4213 650 4260 addi·
698 4211 724 4258 in
739 4208 827 4271 quibus
841 4211 932 4273 quippe
945 4212 1012 4258 actio
1024 4211 1172 4272 requiritur,
1187 4225 1238 4259 non

112 4291 164 4345 tur,
186 4289 213 4334 in
228 4291 357 4350 pulverem
371 4287 410 4354 (ut
424 4291 451 4337 in
464 4289 564 4354 solem),
579 4304 649 4338 usur·
700 4290 884 4337 commentatio:
908 4293 933 4337 et
956 4288 1041 4336 similis
1058 4288 1162 4336 stultitia
1173 4288 1239 4336 foret

113 4370 182 4424 patus·
207 4365 257 4415 hoc
281 4381 341 4414 sane
367 4368 394 4415 in
419 4368 463 4416 illa
491 4369 650 4417 similitudine
699 4368 764 4425 eius,
786 4368 828 4428 qui
847 4367 941 4416 diceret
959 4382 1068 4415 somnum
1078 4366 1238 4426 proferretis

112 4441 186 4503 (sicut
199 4444 272 4492 Brut.
287 4447 300 4502 ξ
316 4443 371 4509 37,)
384 4461 434 4494 nou
448 4447 507 4495 item
521 4448 548 4494 in
561 4449 649 4494 clamo·
699 4446 821 4509 atpilicm,
843 4451 886 4493 aut
905 4447 1004 4506 inopina
1019 4445 1140 4506 proferre
1158 4445 1185 4492 ia
1197 4459 1237 4493 co-

111 4533 170 4568 rem.
213 4523 246 4570 ut
271 4523 373 4572 omuino
392 4524 438 4572 ista
458 4523 586 4573 ambitiosa
606 4537 649 4572 cu·
695 4525 773 4584 piam.
815 4525 908 4572 Rursus
928 4524 977 4572 alio
993 4524 1068 4572 modo
1078 4523 1239 4584 proferretis

112 4599 212 4648 mulatio
234 4601 350 4650 similium
371 4618 470 4664 prorsus
489 4605 605 4653 abhorret
619 4603 650 4652 ab
701 4605 776 4650 lucem
790 4602 879 4651 dicitur
893 4617 965 4659 mox,
984 4607 998 4661 ξ
1014 4603 1070 4650 162.

1028 4695 1153 4776 5⁴:
