3242 5500
432 561 548 612 urana
575 561 776 610 sncuunus.
806 545 823 625 ἓ
852 545 932 613 193.
1178 544 1245 612 201

173 773 221 781 -
246 757 346 828 quern
369 747 480 807 aetate
504 746 626 807 enecta
650 732 802 830 indipern

170 840 334 914 Liberum
372 843 545 926 merarii,
588 842 733 922 orberti,
766 843 954 917 exstinrti:
988 868 1093 942 neque
1115 840 1250 939 fratris

219 951 328 1033 necis,
445 962 447 965 ’

170 1058 292 1157 Neque
308 1060 381 1133 eius
394 1061 497 1159 pnati
508 1061 624 1156 parri,
653 1061 714 1158 qui
730 1061 794 1134 tibi
810 1061 1247 1151 intermortuarum,

124 1280 208 1351 flens
234 1304 274 1352 ac
298 1279 424 1374 lugens
448 1279 566 1352 dicere
589 1280 784 1354 videbatur.
839 1283 938 1358 Quae
969 1282 998 1354 si
1023 1283 1082 1354 ille
1105 1282 1247 1370 histri0,

125 1388 279 1484 quotidie
291 1413 401 1486 quum
413 1399 544 1484 ageret,
561 1398 679 1462 tamen
697 1385 822 1485 [recte]
844 1415 945 1486 agere
958 1391 1033 1462 sine
1046 1391 1164 1464 dolore
1176 1417 1247 1464 non
1333 1435 1335 1440 ·

124 1507 279 1593 poterat,
323 1498 411 1595 quid
452 1498 644 1571 Pacuvium
684 1501 844 1594 putatis?
881 1501 918 1572 in
957 1499 1140 1573 scribendo
1178 1502 1249 1573 leni
1331 1547 1338 1552 -

123 1610 238 1680 animo
273 1633 314 1680 ac
349 1608 494 1679 remisso
530 1609 665 1680 fuisse?
710 1609 802 1680 Fieri
839 1610 937 1681 nullo
976 1609 1080 1681 modo
1122 1611 1246 1706 potuit.

125 1719 231 1813 Saepe
262 1718 358 1790 enim
386 1717 524 1803 audivi,
550 1726 689 1813 poetam
713 1717 848 1790 bonnm
872 1717 1056 1791 neminem
1077 1714 1132 1814 [id
1154 1720 1249 1817 quod
1276 1740 1321 1784 1⁹4·

123 1852 143 1897 a
162 1827 366 1899 Democrito
390 1836 423 1899 et
447 1827 592 1899 Platone
617 1828 654 1898 in
677 1828 817 1923 scriptis
833 1829 995 1902 relietum
1013 1852 1087 1900 esse
1105 1825 1244 1925 dieunt]

122 1938 193 2008 siue
224 1937 501 2008 inflammatione
532 1937 731 2008 animorum
764 1939 930 2010 exsistere
961 1963 1084 2033 posse,
1112 1947 1147 2010 et
1172 1940 1247 2012 sine

123 2046 273 2141 quodam
297 2046 415 2118 afflatu
441 2041 577 2142 [quasi]
605 2046 743 2118 furoris.

168 2158 289 2232 Quare
321 2155 430 2228 nolite
451 2157 650 2228 existimare
675 2181 731 2228 me
755 2156 893 2252 ipsum,
920 2156 1075 2253 quinon
1101 2157 1246 2231 heroum
1272 2165 1318 2234 47

122 2275 249 2336 veteres
299 2289 400 2337 casus
441 2266 612 2361 fictosque
656 2266 771 2338 luctus
815 2266 920 2338 velim
964 2267 1093 2338 imitari
1141 2275 1247 2363 atque

122 2374 330 2446 adumbrare
353 2374 518 2461 dicend0,
545 2399 661 2469 neque
685 2385 781 2448 actor
807 2375 874 2447 sim
904 2375 1037 2448 alienae
1060 2400 1245 2472 personae,

122 2483 178 2555 sed
214 2492 338 2556 auctor
361 2508 478 2570 meae,
514 2509 624 2581 quum
650 2485 737 2556 mihi
761 2482 816 2556 Μ’
842 2483 1020 2580 Aquillius
1045 2484 1082 2556 in
1108 2485 1246 2558 civitate

121 2594 323 2666 retinendus
348 2601 460 2679 esset,
486 2619 576 2690 quae
601 2595 637 2665 in
663 2594 723 2666 illa
748 2601 852 2666 causa
876 2593 1069 2690 peroranda
1087 2594 1244 2682 fecerim,

122 2704 193 2775 sine
228 2727 361 2800 magno
398 2703 516 2776 dolore
552 2703 686 2777 fecisse.
740 2704 857 2780 (tuem
894 2703 988 2775 enim
1025 2727 1090 2801 ego
1119 2729 1244 2778 consu·
1272 2730 1314 2777 res

36 2843 40 2850 ·
121 2813 186 2885 lem
219 2815 349 2899 fuisse,
386 2814 630 2910 imperatorem
665 2822 829 2885 ornatum
863 2839 883 2885 a
916 2822 1051 2886 senatu
1083 2822 1244 2886 ovantem

120 2923 399 3019 inCapitolium
428 2924 627 2996 ascendisse
652 2923 912 3008 meminissem,
940 2924 1033 2995 hune
1058 2948 1169 3018 quum
1194 2924 1244 2995 af·

120 3174 257 3221 Pronomen
273 3176 365 3232 efficit,
383 3188 477 3237 genere
485 3176 657 3223 accommoda·
706 3176 782 3233 tatio;
803 3190 929 3237 quumque
948 3175 1015 3223 fama
1029 3181 1112 3224 nosset
1125 3176 1163 3233 id,
1179 3178 1246 3238 quod

120 3251 348 3301 tumSubstantivo.
362 3256 471 3311 —Mox,
486 3254 657 3302 atidemrecte
705 3254 850 3316 pronuntiat
877 3254 997 3317 (audivi),
1024 3254 1128 3302 ridicule
1156 3255 1245 3303 iterum

119 3337 228 3379 servatur
242 3346 290 3394 pro
304 3332 336 3379 al.
351 3334 381 3379 ni
393 3332 473 3389 idem,
488 3332 603 3392 quonium
611 3333 656 3380 mi·
705 3332 768 3381 illud
788 3333 820 3380 de
839 3333 973 3381 Democriti
988 3337 1012 3380 et
1026 3334 1136 3381 Platonis
1149 3333 1245 3394 scriptis

120 3411 204 3457 sereno
219 3410 356 3472 opponitur
368 3410 427 3458 irae.
705 3410 785 3459 fernae
812 3409 899 3459 tribuit
926 3409 1051 3473 (dieunt),
1081 3426 1155 3471 quum
1176 3417 1245 3459 certo

152 3489 243 3549 [recte]
266 3501 350 3550 apere.
383 3489 452 3536 Bene
474 3488 591 3537 viderunt
611 3490 657 3537 viri
705 3494 818 3537 constare
838 3494 935 3550 posset:
957 3488 1024 3535 conf.
1040 3488 1123 3535 Divin.
1138 3490 1159 3536 l.
1175 3493 1187 3547 ξ
1203 3490 1243 3536 80,

120 3566 191 3623 docti,
206 3570 277 3615 reete
292 3581 342 3614 non
356 3580 409 3615 esse
423 3565 496 3615 huius
502 3567 562 3615 loci:
577 3568 658 3630 egitur
706 3569 744 3615 Ne
764 3567 812 3615 hoc
830 3566 929 3627 quidem
943 3565 1042 3627 probari
1058 3571 1154 3627 potest,
1169 3582 1244 3627 quum

119 3644 180 3691 cuim
201 3646 233 3692 de
247 3660 293 3701 eo,
309 3645 376 3706 quod
389 3645 539 3703 necessario,
553 3650 658 3709 cogente
705 3646 795 3693 dicitur
808 3644 904 3705 aliquid
913 3645 1243 3704 inseriptierelietnmeeee:

121 3729 205 3770 natura
218 3724 354 3780 orationis,
369 3722 422 3771 fieri
436 3723 508 3771 solet.
706 3723 794 3771 dicitur
806 3724 928 3783 seriptum
942 3724 1093 3784 relinquere,
1109 3728 1134 3771 et
1140 3723 1245 3784 simplex

150 3801 211 3861 quid
231 3802 366 3851 Paeanem
375 3802 495 3862 pretatis?
509 3803 536 3849 in
548 3802 657 3849 seriben-
705 3804 861 3864 relinquere,
876 3802 907 3850 de
921 3800 1007 3857 libris,
1022 3806 1049 3849 ut
1064 3801 1085 3848 l.
1100 3805 1112 3860 ξ
1126 3804 1168 3851 23:
1185 3804 1245 3850 etat

120 3880 192 3927 do-
200 3881 306 3940 fidere?
340 3879 529 3929 Distinctioncm
549 3880 657 3937 mutavi,
705 3882 826 3941 seriptum
841 3882 954 3944 lepimue,
968 3881 1179 3939 uteoriptnmeet‚
1194 3896 1244 3930 non

119 3971 192 4015 quum
219 3959 268 4007 ista
288 3958 314 4005 in
335 3972 385 4007 une
404 3958 598 4021 interrogatione
618 3959 657 4007 edi
705 3960 737 4008 de
757 3959 889 4021 opinione,
911 3959 955 4008 sed
976 3959 1007 4007 de
1024 3959 1090 4007 facto
1105 3960 1244 4020 dieisolet,

120 4036 221 4085 soleant.
706 4044 734 4086 ut
754 4040 826 4086 Offic.
847 4039 882 4086 ll.
906 4041 976 4097 §252
992 4042 1065 4098 atque
1078 4038 1112 4087 ita
1125 4040 1245 4100 coriletum

152 4116 208 4163 194.
229 4117 271 4177 [id
291 4116 357 4177 quod
376 4131 391 4162 a
412 4114 554 4163 Democrito
574 4142 606 4151 -
619 4115 657 4161 di·
706 4118 846 4177 relinquere
862 4116 941 4179 infra,
957 4121 969 4174 ξ
984 4119 1045 4175 224,
1061 4118 1103 4165 fin.

120 4194 200 4254 erent}
236 4196 302 4242 Sunt
315 4193 377 4241 haec
390 4192 449 4243 eatis
462 4193 576 4255 imperite
587 4193 659 4241 insita
738 4197 791 4243 eine
803 4196 995 4257 inflammatione
1008 4196 1153 4243 animorum.
1183 4197 1243 4244 Cor·
1307 4194 1361 4305 ΡΝ

120 4269 262 4333 abaliquo,
282 4271 324 4333 qui
337 4271 658 4320 meminerntlociDivin.l.
706 4274 852 4336 rigentium,
868 4275 952 4321 animi.
971 4300 1005 4309 -
1025 4276 1097 4330 Mox,
1112 4274 1182 4335 quari
1195 4276 1243 4321 tol·

120 4352 132 4404 ξ
151 4351 190 4397 80.
210 4351 338 4409 Primum,
356 4350 393 4399 his
406 4351 556 4412 interpositis
569 4351 658 4399 intem·
707 4352 809 4400 lendum
824 4356 871 4401 est:
884 4328 937 4399 Hm
948 4352 1027 4399 inerat
1038 4351 1117 4399 hocin
1126 4353 1243 4400 Pronum.

122 4429 213 4487 pestive
228 4429 417 4491 interrumpitur
431 4429 510 4477 facilis
524 4429 660 4491 etsimplex
708 4431 820 4491 quodem.

121 4511 258 4557 sententiae
264 4509 395 4556 decursus:
409 4515 470 4564 tum,
485 4523 536 4556 non
543 4508 661 4556 convenit
745 4510 800 4557 195.
819 4510 847 4555 nt
864 4508 1026 4555 discinderem
1040 4508 1157 4555 tunicam.
1190 4511 1245 4558 Hoc

120 4586 230 4639 Antonio
251 4586 331 4634 inanis
351 4586 394 4635 ills
415 4586 559 4635 eruditionis
576 4592 658 4635 oeten·
709 4585 862 4635 ducimini
882 4584 986 4633 verbum
1007 4600 1082 4647 supra
1103 4585 1152 4633 dixi
1173 4588 1243 4636 resti·
