3242 5500
366 494 437 563 370
697 512 810 562 mana
838 502 1007 561 ruamus]
1036 497 1053 576 ἓ
1081 494 1164 562 222.

365 683 477 768 tione,
514 692 590 755 tum
628 684 854 769 remissione,
889 691 964 756 tum
1001 685 1181 770 coniectu,
1212 693 1288 756 turn
1316 684 1497 756 hilaritate

366 802 482 864 motus
518 793 715 864 animorum
748 793 987 888 significemus
1021 802 1102 889 apte
1136 820 1216 866 oum
1252 818 1383 889 genere
1416 795 1496 889 ipso

366 903 543 974 orationis,
586 902 651 975 nst
669 902 763 973 enim
781 904 870 973 aetio
889 904 989 998 quati
1008 927 1121 975 sermo
1139 905 1308 1000 corporis;
1334 929 1407 998 quo
1421 928 1495 974 ma-

367 1012 422 1106 gis
448 1011 558 1083 menti
584 1035 781 1107 congruens
807 1036 883 1082 esse
909 1012 1022 1084 debet.
1069 1012 1200 1084 Oculos
1225 1021 1342 1084 autem
1371 1021 1498 1083 natura

367 1119 491 1206 nobis,
516 1129 556 1193 ut
578 1145 668 1216 equo
695 1128 729 1191 et
753 1121 845 1191 leoni
871 1128 981 1206 setae,
1009 1122 1173 1206 eandam,
1201 1147 1320 1207 aures,
1347 1122 1395 1192 ad
1421 1147 1495 1193 mo-

294 1253 341 1298 ena
366 1238 425 1301 tus
447 1230 645 1301 animorum
671 1230 898 1301 declarandos
924 1229 1030 1301 dedit.
1076 1231 1194 1306 Quare
1220 1231 1257 1302 in
1283 1231 1349 1302 hae
1376 1241 1498 1303 nostra

368 1341 505 1412 actione
538 1340 732 1412 secundum
758 1363 876 1410 vocem
903 1340 1020 1410 vultus
1046 1340 1155 1412 valet:
1182 1340 1213 1412 is
1239 1350 1356 1412 autem
1385 1341 1497 1412 oeulis

368 1449 596 1545 gubernatur.
649 1448 769 1544 Atque
804 1448 840 1519 in
877 1448 1133 1534 iisomuibuS,
1160 1459 1362 1544 quaesunt
1389 1452 1497 1524 aetio·

367 1559 442 1645 nia,
468 1558 560 1630 inest
582 1558 754 1653 quaedam
779 1558 832 1629 vis
855 1582 875 1628 a
898 1567 1024 1630 natura
1050 1558 1150 1631 data:
1179 1585 1286 1654 quare
1310 1561 1421 1632 etiam
1435 1561 1499 1632 hae

367 1668 541 1764 imperiti,
580 1668 644 1739 huo
682 1667 834 1761 vulguS,
874 1667 938 1739 hao
976 1667 1129 1762 denique
1165 1668 1305 1741 barbari
1343 1671 1500 1742 maxime

366 1787 638 1850 commoventur.
666 1775 783 1848 Verba
809 1777 904 1848 enim
929 1778 1107 1850 neminem
1134 1787 1275 1851 movent
1301 1781 1373 1852 nisi
1397 1805 1497 1865 eum,

367 1888 429 1984 qui
462 1887 619 1959 eiusdem
655 1886 798 1980 linguae
835 1887 996 1958 societate
1020 1889 1228 1960 coniunctus
1255 1901 1324 1974 est,
1353 1898 1496 1961 senten·

367 1998 507 2091 tiaeque
545 2020 648 2091 saepe
681 2003 803 2067 acutae
837 2019 907 2066 non
942 2005 1123 2068 acutorum
1159 1997 1344 2070 hominurn
1373 2025 1497 2071 sensus

366 2105 640 2203 praetervolant:
678 2105 783 2190 aetio,
822 2130 911 2200 quae
937 2131 1019 2201 prae
1045 2131 1082 2178 ae
1108 2115 1244 2180 motum
1269 2109 1382 2180 animi
1409 2109 1494 2194 fert,

366 2241 488 2288 omues
525 2224 659 2287 movet:
699 2214 825 2286 iisdem
865 2215 958 2286 enim
996 2217 1155 2289 omniurn
1193 2217 1302 2289 animi
1338 2217 1497 2289 motibus

367 2327 610 2410 concitantur,
637 2333 670 2396 et
696 2349 754 2395 eos
780 2324 906 2396 iisdem
932 2326 1025 2398 notis
1051 2335 1084 2397 et
1110 2327 1147 2398 iu
1173 2327 1250 2399 aliis
1276 2336 1495 2422 agnoscunt,

369 2435 466 2506 etin
492 2459 529 2506 se
555 2434 623 2529 ipsi
648 2433 817 2504 indicant,

295 2548 340 2616 60
414 2545 473 2615 Ad
514 2544 662 2616 actionis
701 2549 818 2614 autem
850 2559 955 2615 usum
987 2552 1092 2640 atque
1126 2546 1266 2618 laudern
1304 2548 1494 2618 maximam

294 2674 343 2719 aaa
368 2655 443 2726 aine
473 2653 582 2726 dubio
614 2661 749 2750 partem
781 2678 847 2724 vox
876 2653 1030 2740 obtinet3
1066 2680 1155 2752 quae
1181 2657 1334 2752 primum
1359 2641 1492 2777 estld‘p·
1524 2616 1589 2726 s&

366 2765 473 2837 tanda
505 2764 625 2847 nobis;
654 2763 801 2848 deinde,
829 2788 1071 2861 quaecumque
1096 2767 1179 2853 erit,
1204 2792 1244 2838 ea
1264 2768 1409 2840 tuenda.
1442 2768 1493 2839 De
1538 2764 1577 2825 tii

364 2988 659 2996 mmu-

366 3120 498 3189 agendam
511 3126 618 3183 videtur,
633 3128 713 3185 upton,
726 3126 743 3173 i.
756 3142 778 3174 e.
792 3127 833 3188 qui
846 3142 905 3175 con·
989 3129 1019 3175 de
1033 3144 1079 3190 quo
1096 3113 1184 3190 [illud]
1199 3130 1249 3176 ium
1263 3128 1328 3177 nihil
1339 3156 1381 3177 —.
1415 3129 1491 3180 Inhis

367 3205 469 3253 veniant
482 3205 567 3267 generi
580 3204 706 3251 orationis.
955 3206 1019 3253 illud
1031 3207 1157 3268 aliquanto
1173 3207 1300 3255 molestius
1315 3212 1361 3264 est,
1377 3207 1492 3271 mox(eed

401 3284 458 3329 223.
477 3296 553 3343 quare
573 3284 648 3329 etium
668 3282 714 3329 tiae
732 3284 844 3343 imperiti
863 3312 905 3331 —.
955 3286 1018 3331 titud
1031 3284 1140 3345 indetur)
1155 3300 1199 3334 suo
1213 3287 1269 3334 loeo
1283 3286 1399 3347 positum.
1417 3287 1487 3342 Tum,

366 3360 471 3407 Videtur
490 3360 610 3408 sermonis
632 3360 693 3409 ratio
711 3361 779 3408 hune
792 3364 905 3410 ordinem
954 3364 1099 3425 cogitando,
1121 3362 1146 3411 iu
1162 3364 1211 3420 his,
1226 3364 1260 3409 ad
1271 3364 1316 3412 troo
1323 3361 1490 3423 praecipiendi

365 3440 507 3501 postulare,
522 3452 600 3500 quare
613 3440 658 3487 tene
664 3441 739 3486 etiam
746 3441 856 3503 imperiti
863 3468 904 3487 -.
952 3455 1041 3503 neuun,
1059 3440 1227 3503 supplendum
1242 3447 1279 3490 est
1287 3444 1408 3501 pertinet.
1432 3440 1489 3489 vSed

399 3518 584 3579 sententiaeque
610 3544 643 3551 —-
670 3518 793 3565 domiuum
821 3533 906 3565 aeneus
955 3520 1063 3567 notanda
1076 3518 1290 3579 breviloquentia,
1312 3535 1361 3583 qua
1374 3519 1489 3569 omittitur

360 3597 556 3657 praetervolant.
592 3593 682 3641 Seruus
706 3597 806 3643 Plurale
828 3597 862 3644 ita
883 3598 903 3644 Ι.
955 3598 1094 3646 Infinitivus
1109 3598 1251 3659 disputare:
1268 3613 1348 3659 eoque
1363 3600 1486 3646 confirma-

365 3680 377 3732 §
393 3676 424 3723 60
440 3678 464 3721 et
479 3675 519 3721 83.
954 3679 1007 3731 tur,
1029 3676 1095 3736 quod
1108 3691 1196 3737 supra,
1212 3680 1224 3734 ξ
1240 3680 1287 3734 48,
1303 3677 1400 3734 censui,
1413 3673 1486 3723 verba

398 3755 455 3799 224.
473 3751 507 3798 ad
520 3751 626 3798 aetionis
638 3755 720 3799 autem
735 3766 806 3799 unum
819 3778 853 3789 -
865 3753 905 3821 ab·
954 3754 984 3800 ut
997 3754 1149 3813 disputemus
1166 3755 1302 3803 omittenda
1317 3770 1377 3803 esse.

364 3832 438 3878 tinet.
481 3831 557 3877 Nullo
577 3830 652 3877 modo
673 3830 826 3878 admittenda
845 3823 906 3877 mihi
988 3832 1098 3891 equidem
1112 3848 1198 3896 maqno
1212 3846 1284 3893 opere
1298 3833 1485 3882 eeneeoeernien-

361 3909 461 3957 videtur
481 3907 545 3954 haee
565 3908 688 3967 syntaxis,
706 3913 734 3956 ut
750 3921 796 3955 uon
809 3909 906 3956 dicatur'
955 3910 1021 3957 dum.
1050 3910 1186 3970 Rariores,
1201 3926 1278 3959 unum
1295 3910 1486 3971 alterumqueli·

363 3988 495 4035 maximam
508 3986 610 4046 partem
628 3988 737 4033 obtinere
756 3986 789 4033 ad
802 3988 907 4035 aetionis
954 3986 1026 4035 hrum
1047 3994 1160 4046 secutus,
1182 3990 1259 4037 edidit
1279 3990 1388 4051 equidem
1409 3990 1487 4035 tam

364 4065 468 4113 laudem.
510 4064 560 4111 Sed
580 4078 667 4111 verum
689 4063 759 4111 verbi
780 4064 905 4113 obiectum
954 4078 1035 4125 mayn.
1052 4080 1132 4125 opere.
1146 4094 1179 4103 —-
1201 4068 1250 4115 Sed
1264 4062 1346 4129 ueq'ue
1359 4067 1448 4130 quidem
1460 4064 1487 4112 et

362 4142 522 4193 obscuratum
538 4146 575 4190 eat
589 4144 729 4204 praeposito
744 4144 785 4199 ad,
800 4157 850 4203 quo
862 4143 906 4191 de·
955 4143 1037 4189 tamen
1056 4144 1090 4191 ita
1111 4146 1221 4205 copulari
1242 4146 1315 4203 lieet3
1338 4152 1362 4195 ei
1377 4143 1486 4206 quoidam

362 4225 412 4271 leto
422 4236 507 4269 sanam
520 4220 904 4269 senientiamhabebimushane:
954 4235 1027 4283 aegre
1042 4235 1154 4271 caremus
1168 4224 1258 4272 Dativo
1269 4215 1487 4272 'inhaesentennae

361 4301 467 4349 aetionis
480 4301 564 4347 autem
577 4314 649 4347 unum
663 4301 738 4361 utque
749 4299 904 4347 laudemma-
954 4304 1032 4360 parte,
1049 4301 1223 4363 corrigendum
1231 4316 1331 4360 censeo,
1340 4304 1378 4351 eui
1386 4299 1484 4364 quidem.

359 4393 433 4441 ynam
452 4378 506 4425 aine
526 4378 598 4425 dubio
613 4380 715 4437 partem
736 4390 782 4425 voe
795 4378 903 4435 obtinet,
987 4380 1045 4425 225.
1064 4392 1118 4427 eum
1143 4380 1273 4429 eburneola
1293 4408 1328 4417 -ν
1341 4380 1426 4444 fietulu
1442 4380 1488 4439 qni

360 4458 376 4504 i.
398 4472 420 4505 e.
442 4461 539 4504 tuetur:
562 4456 588 4503 in
610 4470 659 4516 quo
679 4460 802 4503 mutamus
823 4454 903 4503 munt·
953 4456 1041 4503 staret.
1077 4458 1216 4517 Kayserus,
1230 4460 1319 4507 melius
1334 4472 1403 4520 quam
1416 4469 1488 4515 supe-

357 4551 436 4592 mum,
451 4535 517 4595 quod
531 4534 633 4582 nimium
649 4540 705 4591 eet,
724 4536 750 4581 in
764 4541 900 4598 mennam*
953 4532 1046 4593 riores,
1061 4536 1243 4585 distinctionem
1257 4537 1347 4585 omittit
1360 4542 1413 4584 ante
1429 4535 1485 4595 qui:
