3242 5500
350 554 421 625 390

514 748 580 794 unde
592 747 673 794 omnia
683 745 828 791 ornamenta
835 745 932 790 dicendi
943 757 978 801 s.,
992 743 1158 791 sicutdicendi
1165 741 1309 789 ornamenta
1316 741 1481 801 appellantur

515 824 595 879 infra,
612 829 623 882 5
639 825 671 870 50
686 827 710 871 et
725 824 781 870 122.
804 821 942 884 Improprie
952 822 1088 883 praecepta
1101 822 1164 867 sumi
1178 820 1276 867 dicitun

351 903 416 961 ll.§
452 904 492 950 51.
518 906 547 950 ut
561 903 645 950 noster·
662 903 729 957 Cato,
745 903 775 947 nt
789 900 882 957 Pictor,
903 900 933 946 at
948 899 1012 947 Pisa.
1031 899 1109 961 Magis
1123 899 1213 946 idoneo
1227 899 1282 945 loco
1296 897 1342 944 ista
1357 902 1382 944 et
1397 898 1480 944 Grae·

517 995 618 1038 corum,
639 985 663 1027 st
676 979 845 1027 Romanorum
859 978 1030 1026 historicorum
1046 977 1144 1025 uomina
1159 981 1285 1037 ponuntur
1300 976 1310 1034 5
1327 977 1368 1022 53.
1388 975 1482 1036 Aptius

517 1059 605 1122 igitur,
620 1058 714 1107 omissis
727 1058 791 1114 illis,
806 1059 917 1119 legetur,
931 1057 960 1103 ut
975 1057 1062 1104 nostri.
1098 1055 1163 1102 Erat
1177 1055 1240 1102 enim
1253 1080 1295 1100 -.

350 1138 416 1195 ΙΙ.5
452 1138 492 1186 64.
517 1137 591 1196 Quod
617 1137 643 1184 in
672 1136 772 1184 historia
793 1134 923 1184 scribenda
944 1135 1132 1182 commendatur
1150 1147 1227 1194 penus
1247 1133 1369 1180 orationis
1384 1133 1483 1192 fissum

514 1217 589 1277 atque
610 1215 719 1263 tractam
740 1214 784 1277 (de
806 1227 854 1274 quo
876 1213 985 1261 Ellendt.
1008 1213 1039 1260 sd
1061 1216 1072 1269 §
1094 1210 1171 1274 202),
1190 1211 1221 1260 de
1233 1211 1353 1258 industria
1368 1211 1484 1271 explicat

516 1293 605 1355 Aquila
620 1293 743 1341 Romanus
757 1307 782 1352 p.
801 1294 856 1339 158.
872 1292 910 1338 ed.
927 1291 1027 1338 Ruhnk.

350 1373 415 1430 ll.§
451 1372 491 1419 65.
515 1375 596 1430 Quem
616 1369 720 1418 abusum
741 1370 812 1418 Coni.
835 1371 909 1416 etiam
931 1369 957 1416 in
975 1368 1099 1416 Ellendtio
1114 1367 1212 1424 notavi,
1235 1367 1255 1414 is
1270 1381 1320 1413 non
1334 1367 1486 1415 defenditur

515 1449 629 1511 exemplo
644 1448 798 1506 Ruhnkenii,
814 1447 864 1508 qui,
881 1462 957 1509 quum
971 1461 1042 1495 suam
1053 1447 1085 1494 ad
1096 1446 1219 1494 Velleium
1232 1461 1257 1507 p.
1273 1444 1344 1492 lab.
1353 1460 1483 1507 proposu-

515 1528 574 1576 isset
587 1527 800 1583 emendationem,
819 1525 867 1573 hoo
885 1526 967 1573 addit:
988 1525 1068 1586 uquod
1082 1524 1155 1573 etiam
1170 1525 1312 1572 Burmanno
1326 1524 1352 1571 in
1368 1529 1484 1573 mentem

515 1606 610 1654 venit.”
645 1606 744 1653 Scilicet
757 1609 853 1652 constat
867 1602 898 1652 ab
913 1619 941 1652 eo
957 1604 1081 1651 contemni
1095 1603 1174 1652 solere
1189 1605 1367 1651 Burmannum.

515 1685 558 1746 qui
579 1687 703 1746 tamquam
723 1684 903 1731 machinatione
923 1684 1015 1743 aitqua.
1050 1681 1188 1742 Repudiavi
1208 1681 1327 1742 Madvigii
1348 1681 1483 1729 coniectu-

514 1777 582 1819 ram,
603 1765 647 1810 aut
666 1763 790 1823 tamquam
804 1789 852 1819 —,
871 1761 987 1821 quoniam
1002 1760 1061 1808 mihi
1073 1759 1219 1816 videbatur,
1238 1765 1396 1820 propterea,
1416 1775 1486 1821 quae

516 1840 627 1902 proxime
641 1841 817 1888 antecederent
831 1839 886 1902 (qui
901 1866 911 1875 ·
927 1841 953 1886 in
967 1853 1013 1900 quo
1025 1838 1080 1898 -)‚
1094 1838 1160 1885 hanc
1173 1852 1271 1898 quoque
1284 1838 1486 1886 admonitionem

514 1919 589 1967 ordiri
602 1923 717 1981 oportere
730 1934 744 1965 a
758 1919 885 1966 Relativo:
904 1921 1032 1979 praeterea
1046 1916 1217 1978 postulabatur
1231 1923 1257 1963 ut
1270 1917 1485 1975 enumerationis,

515 2011 565 2045 non
580 1996 765 2058 permutationis
778 1996 859 2043 forma
873 2000 1020 2044 servaretur.

350 2076 384 2124 ll.
403 2081 415 2134 5
452 2073 505 2141 72..
518 2078 548 2124 In
570 2075 617 2123 hac
639 2075 810 2132 annotatione,
832 2074 916 2122 nescio
937 2089 985 2135 qua
999 2073 1109 2130 incuria,
1126 2073 1211 2135 scripsi
1227 2076 1286 2122 uGr.
1301 2074 1413 2137 φρόνημα
1429 2089 1486 2121 non

516 2154 563 2202 nisi
583 2154 678 2202 Plurali
698 2167 802 2202 numero
823 2154 929 2213 optritae
949 2153 1025 2201 diei.”
1059 2151 1180 2200 Volebam
1201 2155 1302 2200 animas.
1343 2153 1486 2201 Diversum

516 2237 553 2280 est
567 2232 713 2295 singulare,
731 2234 836 2288 animus,
855 2233 894 2278 cui
908 2231 948 2278 alii
962 2231 1094 2293 scriptores
1108 2229 1286 2279 substituerunt
1300 2231 1433 2290 spiritam,
1456 2238 1487 2280 ut

516 2311 601 2358 Livius
616 2311 687 2359 XXI.
708 2312 730 2358 l.
750 2315 780 2367 5,
798 2311 907 2370 iapentis
917 2311 1023 2369 spiritus
1036 2308 1123 2357 airum.

350 2393 415 2447 ll.§
452 2389 490 2438 73.
512 2392 588 2449 plena
607 2389 684 2436 animi
705 2389 792 2449 [plena
812 2387 939 2448 spiritus}
975 2388 1106 2435 Liuianum
1121 2391 1158 2434 est
1175 2393 1216 2443 ut,
1231 2389 1384 2448 proauimo,
1399 2390 1485 2446 spiri-

518 2470 560 2514 tus
573 2466 681 2514 dicatur:
701 2467 732 2514 de
747 2466 828 2527 Appio
842 2479 885 2512 reo
899 2464 947 2530 (ΙΙ.
964 2465 1003 2512 61.
1016 2464 1053 2526 6.)
1067 2464 1130 2511 idem
1142 2466 1168 2512 in
1182 2465 1293 2513 oratione
1306 2465 1421 2526 spiritus.

351 2548 383 2594 ll.
404 2552 416 2605 5
451 2545 490 2594 78.
516 2545 590 2603 Quod
604 2544 712 2602 correxi,
727 2558 821 2591 merum
834 2544 974 2602 silentium,
992 2557 1038 2605 pro
1052 2543 1157 2600 mirum,
1175 2544 1228 2591 aliis
1239 2543 1329 2602 verbis,
1347 2545 1486 2594 incudem

516 2627 677 2686 argumento,
696 2620 824 2670 dicebatur
836 2636 922 2683 supra,
943 2627 954 2680 5
971 2624 1017 2679 65,
1036 2623 1145 2682 explicat
1157 2636 1233 2670 nemo.

351 2705 384 2751 ll.
403 2708 416 2762 5
452 2703 491 2752 80.
515 2701 624 2750 dividere
642 2701 701 2764 poni
721 2714 766 2763 pro
787 2701 920 2761 dilipenter
933 2700 1036 2763 definire
1051 2705 1076 2749 et
1085 2713 1239 2762 proponere,
1258 2701 1346 2749 efficias
1360 2704 1486 2764 exemplo

515 2782 584 2831 Orat.
607 2785 619 2840 5
642 2782 713 2837 115,,
739 2780 769 2828 de
783 2778 918 2842 ambiguis,
938 2794 984 2841 quo
998 2780 1067 2827 moda
1081 2780 1187 2841 quidque
1201 2794 1284 2829 earum
1299 2782 1372 2829 diuidi
1388 2784 1485 2841 cupla-

517 2860 621 2921 uarique
633 2860 754 2919 oporteat.

352 2940 418 2998 11.5
452 2940 493 2986 88.
519 2938 609 2987 Notavi
628 2940 725 2986 Nomen
745 2936 874 2997 proprium
894 2935 1006 2998 pluribus
1028 2936 1088 2984 locis
1101 2937 1240 2985 tollendum
1253 2952 1313 2986 esse.
1348 2939 1387 2986 lta
1402 2938 1484 2987 Cras-

517 3030 573 3072 sus,
599 3017 647 3064 111.
670 3020 682 3074 5
706 3016 761 3062 133.
786 3016 830 3077 (dc
844 3016 922 3075 patre
935 3017 961 3061 et
975 3016 1004 3061 de
1017 3029 1099 3062 socero
1110 3016 1188 3078 meo),
1203 3030 1253 3062 non
1267 3016 1359 3065 addidit
1374 3018 1486 3065 nomina

517 3094 584 3155 ipsa:
611 3094 670 3150 sed,
695 3097 723 3141 ut
742 3093 767 3139 in
781 3092 906 3141 remotiori
920 3092 1053 3149 memoria,
1067 3095 1154 3153 proavi
1166 3095 1251 3153 paneri
1263 3096 1324 3151 mei,
1340 3094 1485 3153 Scipionis,

517 3178 529 3230 5
547 3173 602 3219 134.
637 3174 769 3232 Quumque
790 3171 936 3232 aliquoties,
961 3169 1002 3218 ubi
1023 3185 1087 3219 unus
1101 3172 1132 3219 de
1145 3171 1174 3218 iis
1187 3172 1228 3231 qai
1242 3175 1358 3220 sermonis
1373 3174 1484 3233 partici-

516 3264 560 3312 pes
579 3254 650 3298 erant
661 3249 821 3308 indicaretur,
846 3255 902 3311 post
915 3250 989 3297 Pron.
1005 3249 1154 3301 iicNoman
1168 3250 1295 3311 proprium
1309 3251 1484 3302 abiiciendum

517 3329 634 3386 dixerim,
656 3328 740 3392 (sicuti
760 3330 810 3377 111.
826 3333 838 3386 5
855 3330 914 3385 141,
930 3330 971 3389 qui
985 3327 1049 3376 bunc
1062 3326 1342 3378 disemo-doctorem
1355 3334 1483 3390 accierit,

512 3421 562 3455 non
582 3408 729 3468 interposuit
749 3407 894 3455 Aristotelis
913 3406 1034 3470 nomen,)
1058 3407 1197 3454 tollendum
1212 3409 1261 3456 ΙΙΙ.
1285 3408 1360 3466 5173
1374 3425 1485 3473 quoque

511 3489 548 3534 est
561 3485 630 3549 (buia
646 3485 756 3550 (binio),
771 3489 796 3534 et
808 3485 912 3533 fortasse
926 3484 985 3532 ibid.
1002 3489 1014 3542 5
1031 3486 1078 3533 139
1092 3484 1169 3548 (bunc
1183 3486 1308 3551 Dionem).

346 3566 412 3623 115
447 3566 487 3611 92.
512 3578 583 3625 quem
598 3565 722 3625 probarit.
747 3564 952 3625 suscipiendam,
978 3578 1048 3625 quem
1056 3564 1215 3625 probaverit,
1235 3566 1279 3613 nisi
1293 3570 1402 3627 praestet
1411 3582 1481 3626 pra-

513 3643 590 3689 babit.

347 3723 381 3769 11.
400 3726 412 3779 5
432 3722 488 3769 101.
514 3722 655 3783 turpissime
669 3720 751 3768 dicere
764 3734 814 3768 non
828 3725 933 3778 tantum,
949 3720 1015 3781 quod
1028 3720 1131 3768 nimium
1147 3721 1185 3779 sit,
1202 3722 1256 3769 istic
1268 3722 1480 3784 improbandum,

511 3800 555 3848 sed
570 3800 643 3848 etiam
658 3800 724 3861 quod
738 3814 752 3846 a
764 3800 886 3848 sententia
900 3800 1023 3857 alienum,
1042 3800 1162 3860 siquidem
1178 3801 1288 3859 turpiter
1302 3801 1383 3849 dicere
1397 3803 1481 3863 ipsius

511 3878 655 3936 sententiae,
671 3892 733 3939 quae
747 3878 930 3939 pronuntiatur,
948 3878 1125 3939 turpitudinem
1139 3879 1273 3941 significan
1286 3880 1352 3927 conf.
1362 3882 1382 3929 l.
1392 3886 1405 3939 5
1415 3882 1479 3931 227.

512 3956 551 4005 Sic
565 3957 630 4003 etate
645 3958 724 4018 loqui,
742 3958 815 4004 Tusc.
829 3958 859 4003 V.
874 3958 940 4014 524:
960 3956 1166 4017 quemadmodum
1174 3958 1263 4006 dieitur
1276 3959 1375 4006 bonesta
1383 3963 1481 4009 oratio.
1510 3945 1521 3957 ⁸

346 4036 380 4082 ll.
399 4038 412 4092 5
432 4035 487 4082 121.
513 4034 587 4092 Quod
608 4033 667 4081 olim
688 4034 857 4091 coniecerim,
877 4039 904 4081 ut
920 4035 1046 4097 legeretur
1066 4037 1092 4082 iu
1111 4036 1209 4083 nostras
1223 4050 1310 4094 aures,
1328 4043 1384 4099 post
1397 4054 1479 4099 repu-

511 4112 590 4170 diari,
609 4112 722 4160 nonnihil
736 4118 821 4160 tamen
836 4114 1055 4162 commendationis
1069 4113 1217 4162 nanciscitur
1232 4129 1262 4162 ex
1275 4115 1323 4162 hoc
1336 4117 1392 4163 loco
1402 4118 1479 4165 Orat.

512 4195 524 4249 5
539 4193 601 4248 106,
620 4192 715 4239 ieiunas
728 4193 801 4239 tuias
814 4219 847 4227 -
861 4192 982 4241 arationis
995 4205 1069 4240 auree
1081 4194 1191 4241 mittatis
1203 4196 1349 4253 accepimus.

346 4271 379 4317 ll.
399 4274 412 4328 5
432 4270 487 4317 140,
513 4270 588 4328 Quod
607 4272 732 4328 oratores,
757 4271 828 4319 velut
848 4270 1000 4327 subiectum,
1025 4271 1163 4319 tollendum
1185 4287 1237 4321 esse
1258 4272 1323 4332 dixi,
1342 4288 1477 4322 commen-

510 4349 583 4397 datur
603 4348 650 4397 hac
668 4348 748 4396 forma
770 4350 796 4397 in
817 4353 830 4407 5
855 4352 915 4408 145,
941 4351 971 4397 ut
990 4364 1043 4397 cam
1064 4351 1192 4397 materiem
1209 4379 1240 4385 —
1255 4351 1361 4399 studiosi
1375 4354 1419 4413 qui
1435 4370 1477 4400 es-

509 4429 566 4475 sent
579 4427 675 4475 dicendi
689 4424 752 4490 (non
766 4427 891 4491 oratores)
905 4454 939 4464 -
953 4428 1193 4488 comprehenderent.

346 4506 381 4552 ll.
401 4508 413 4562 5
433 4506 491 4552 142.
515 4506 695 4567 Recipiendum
708 4505 805 4564 fuerat,
822 4509 848 4554 in
862 4508 947 4555 Bruti.

346 4584 381 4631 II.
401 4586 413 4641 5
433 4584 489 4631 144.
513 4585 589 4645 Saepe
600 4584 660 4632 vitio
672 4591 754 4633 ortum
766 4590 804 4633 est
817 4600 847 4634 ex
860 4599 920 4634 vcro
934 4586 1001 4646 ipse,
1018 4586 1044 4632 in
1057 4586 1150 4644 Bruto,
1163 4591 1175 4645 5
1193 4588 1247 4635 199.
