3242 5500
371 556 416 625 98
718 574 831 623 ronna
857 573 995 622 arruns
1022 555 1039 635 §
1065 554 1148 623 224.

372 746 479 819 libros
500 755 650 818 reservet
673 745 740 818 sibi
764 745 809 817 ad
834 744 1076 817 huiuscemodi
1098 739 1319 839 [Tusculani]
1336 747 1494 839 requiem

372 862 477 951 atque
498 856 632 941 otium,
659 880 748 941 nec,
775 856 804 927 si
826 853 967 949 quando
992 854 1024 925 ei
1048 854 1316 926 dicendumerit
1329 854 1373 925 de
1392 852 1493 924 iusti-

372 965 421 1037 tia
447 972 482 1036 et
510 964 602 1049 fide,
634 971 816 1036 mutuetur
837 989 858 1035 a
883 963 1050 1049 Platone,
1077 965 1164 1060 qui,
1190 988 1300 1061 quum
1324 962 1409 1034 hacc
1434 986 1493 1033 ex·

374 1073 557 1169 primenda
592 1072 707 1145 verbis
739 1073 989 1158 arbitraretur,
1026 1096 1152 1145 novam
1189 1073 1367 1169 quandam
1391 1072 1495 1143 finxit

374 1184 411 1255 in
437 1182 535 1255 libris
558 1183 755 1269 civitatem3
782 1207 896 1278 usque
917 1206 958 1254 eo
980 1182 1062 1267 illa,
1089 1207 1179 1277 quae
1202 1181 1351 1255 dicenda
1376 1182 1421 1253 de
1439 1182 1493 1252 iu·

376 1293 469 1365 stitia
496 1291 665 1388 putabat,
691 1318 712 1364 a
734 1292 825 1364 vitae
847 1291 1100 1364 consuetudine
1122 1300 1157 1364 et
1182 1318 1205 1365 a
1227 1291 1407 1363 civitatum
1418 1314 1493 1361 mo·

303 1428 350 1475 aaa
374 1402 472 1475 ribus
496 1401 741 1475 abhorrebant.
794 1400 903 1477 Quod
928 1401 957 1473 si
981 1425 1023 1472 ea
1045 1400 1276 1497 probarentur
1298 1401 1335 1473 in
1355 1400 1496 1497 populis

375 1518 481 1606 atque
514 1512 551 1583 in
587 1510 806 1597 civitatibus,
843 1511 922 1605 quis
955 1509 1046 1597 tibi,
1073 1511 1221 1596 Crasse,
1246 1510 1496 1592 concessisset,

375 1619 566 1693 clarissimo
588 1620 661 1691 viro
681 1628 716 1693 et
729 1620 962 1715 amplissime,
980 1627 1015 1691 et
1027 1620 1177 1716 principi
1189 1620 1357 1705 civitatis,
1382 1626 1423 1691 ut
1437 1617 1497 1689 illa

376 1729 508 1802 diceres
542 1728 579 1800 in
616 1729 768 1801 maxima
802 1729 966 1801 contione
996 1736 1137 1801 tuomm
1161 1728 1314 1815 civium,
1340 1727 1498 1824 quaedi·
1606 1815 1607 1822 ἵ

377 1838 488 1911 xisti?
537 1834 680 1932 Eripite
711 1861 773 1911 uos
796 1862 837 1909 ea
860 1838 1027 1921 miseriis,
1051 1837 1174 1932 eripite
1194 1862 1257 1911 uos
1275 1863 1316 1909 ee
1330 1834 1499 1932 faucibus
1606 1825 1607 1890 Ψ

376 1971 513 2034 eorum,
538 1969 683 2043 quoram
704 1946 891 2019 crudelitas
912 1960 1029 2019 oestro
1048 1947 1215 2044 sanquine
1232 1971 1304 2019 ooo
1312 1960 1497 2041 peterrea-
1606 1943 1607 1946 ’

373 2055 464 2151 pleri
476 2114 485 2141 ,
519 2055 624 2129 nolite
647 2056 841 2129 sinere-nos
861 2054 1024 2151 cuiquem
1046 2056 1188 2140 seruire,
1214 2056 1284 2129 uisi
1305 2056 1399 2129 uobis
1417 2056 1498 2128 uoi-

374 2164 494 2248 oersia,
518 2164 640 2261 quibus
661 2178 693 2237 et
710 2188 912 2260 possumus,
932 2178 965 2237 et
977 2164 1142 2238 debebaris.
1179 2166 1314 2238 Omitto
1325 2164 1498 2250 miseriae,
1606 2243 1607 2258 χ

376 2274 413 2347 in
449 2273 601 2369 quibus,
640 2281 681 2346 ut
712 2274 765 2347 illi
800 2274 923 2360 aiunt,
961 2273 1014 2345 vir
1047 2274 1144 2347 fortis
1169 2298 1336 2347 essenon
1358 2282 1497 2370 potest:
1606 2263 1607 2274 ¹

376 2384 500 2456 omitto
528 2379 676 2477 focaea,
713 2408 756 2455 ex
778 2382 908 2480 quibus
930 2392 967 2456 te
991 2383 1079 2479 eripi
1102 2384 1180 2468 vis,
1205 2408 1251 2455 ne
1273 2383 1405 2456 iudicio
1428 2385 1498 2455 ini·

377 2516 447 2588 quo
482 2491 705 2566 exsorbeatur
737 2493 881 2588 sanguis
915 2501 1022 2578 tuus,
1058 2492 1154 2589 quod
1186 2493 1337 2588 sapienti
1363 2502 1501 2589 negant

377 2602 531 2675 accidere
557 2626 681 2697 posse:
708 2601 833 2674 servire
855 2625 936 2673 vero
949 2601 1044 2697 quod
1056 2626 1128 2673 non
1140 2602 1245 2673 modo
1256 2611 1316 2688 tc,
1343 2602 1407 2675 sed
1418 2603 1499 2673 uni-

376 2709 514 2801 versum
529 2718 689 2785 senatum
704 2771 713 2798 ,
740 2710 840 2784 cuius
852 2719 930 2784 tum
943 2734 1083 2785 eausam
1096 2710 1224 2807 agebas
1239 2772 1249 2799 ,
1274 2736 1381 2785 ausus
1395 2737 1432 2785 es
1445 2712 1499 2784 di·
1605 2730 1606 2738 ’

304 2848 352 2894 aaa
376 2847 475 2909 cere,
512 2829 674 2917 potestne
698 2821 830 2906 virtue,
857 2820 1006 2907 Crasse,
1045 2822 1197 2908 servire,
1234 2823 1311 2895 istis
1347 2823 1499 2895 auctori·

374 3189 499 3234 oratorem
518 3196 589 3232 snum
606 3181 773 3230 Tusculanum
787 3181 911 3233 habuisse.
961 3184 1061 3233 etheum
1081 3186 1108 3232 F.
1122 3185 1153 3232 L.
1167 3199 1193 3245 p.
1208 3185 1271 3241 399,
1286 3181 1317 3236 οἶς
1334 3183 1376 3237 tar
1389 3181 1414 3228 ἐν
1429 3185 1503 3244 λόγοις

409 3278 467 3320 nec,
481 3263 504 3309 at
517 3261 614 3322 quando
626 3287 659 3294 —
672 3260 775 3308 Secutus
789 3275 843 3309 rum
850 3260 911 3310 alio-

374 3355 430 3390 rum
444 3340 603 3388 certissimam
617 3338 804 3397 correctionem,
818 3354 910 3401 prone,

374 3422 397 3467 ri
410 3420 515 3481 quando,
529 3432 578 3479 quo
591 3417 640 3465 hoc
653 3417 842 3480 significaretur,
854 3417 912 3466 ideo

373 3497 430 3547 illos
450 3496 525 3546 libros
543 3495 706 3546 reservandos
727 3509 795 3553 esse,
809 3510 842 3544 ne
855 3512 910 3545 mu·

373 3580 484 3626 tueretur
497 3601 539 3623 —-.

408 3669 482 3716 pium
501 3653 560 3702 Ιιαοο
579 3653 740 3714 caprimenda
752 3652 832 3701 verbio
843 3653 911 3700 arbi·

375 3733 498 3780 traretur.
532 3733 626 3780 Deaero
638 3731 678 3789 id,
693 3731 760 3791 quod
773 3735 831 3778 ante
842 3745 910 3778 com-

374 3811 563 3867 mendaveram,
584 3813 612 3857 ut
631 3823 676 3871 pro
695 3808 774 3858 verbio
786 3810 911 3871 legeretur

372 3889 481 3936 uberim

401 3967 484 4028 flacit
497 3966 523 4012 iu
537 3964 607 4012 libris
619 3964 758 4022 civitatem,
773 3963 790 4012 i.
805 3979 828 4013 e.
842 3980 910 4024 eam,

375 4059 439 4105 quae
458 4057 578 4104 nmquam
599 4047 677 4099 esset,
692 4043 736 4090 sed
749 4057 800 4090 non
814 4043 860 4091 nisi
871 4044 910 4092 in·

374 4122 447 4185 genio
461 4121 586 4183 scriptoris
600 4125 624 4169 et
637 4120 713 4169 liten's
721 4125 835 4178 exstaret,
850 4135 910 4181 qua·

372 4204 423 4249 lem
440 4201 511 4249 Plato
525 4198 632 4260 Republ.
647 4199 693 4248 IX.
708 4214 734 4262 p.
749 4201 806 4247 592.
821 4201 852 4247 Α.
866 4213 910 4262 ap-

361 4277 482 4341 pellabat
495 4283 536 4332 τὴν
550 4275 572 4322 ἐν
586 4278 656 4337 λόγοις
667 4279 779 4337 κειμένην.
797 4277 911 4338 Sicapud

373 4358 480 4406 eundem
494 4356 633 4418 Euthyphr.
648 4371 674 4417 p.
691 4357 730 4402 11.
746 4356 775 4404 C.
788 4356 820 4400 τὰ
831 4352 853 4400 ἐν
866 4362 912 4409 τοῖς

373 4437 446 4495 λόγοις
463 4435 528 4500 ἔργα,
543 4440 568 4484 at
580 4435 647 4496 apud
664 4432 782 4482 Aeschin.
798 4433 909 4495 Ctesiph.

372 4529 398 4575 p.
421 4514 478 4563 571.
499 4516 542 4562 fin.
557 4509 580 4557 ἐν
594 4517 640 4565 τοῖς
653 4511 777 4576 γράμμασι
790 4511 909 4570 τιμᾶσθαι.

375 4591 441 4640 Hinc
460 4593 584 4640 diversum
602 4595 639 4639 est
659 4590 726 4650 quod
745 4589 804 4637 dicit
817 4591 909 4639 Damo-

961 3262 1073 3312 πολιτεία.
1092 3262 1186 3310 Eodem
1198 3261 1358 3310 referendum
1372 3267 1410 3310 ast
1423 3278 1500 3324 quum

960 3339 1050 3388 dicitur
1062 3354 1152 3401 supra,
1170 3345 1183 3398 §
1200 3341 1262 3397 164,
1276 3340 1302 3386 ia
1315 3341 1398 3388 camis
1409 3343 1501 3399 oratio,

959 3417 978 3464 ί.
992 3432 1015 3466 e.
1030 3433 1059 3466 ea
1073 3419 1226 3479 eloquentia,
1240 3419 1500 3479 quaecemiturinfo-

959 3495 1073 3545 rensibus
1086 3497 1174 3545 causis.

993 3590 1009 3622 a
1040 3576 1168 3624 actatum
1193 3576 1301 3624 maribus
1324 3576 1501 3624 abhorrebant.

960 3654 999 3702 Ita
1017 3653 1095 3710 infra,
1117 3657 1129 3711 5
1149 3655 1212 3712 260,
1230 3667 1291 3702 usae
1302 3655 1433 3703 οίοίίοίιιιιι
1444 3659 1501 3704 orel·

958 3731 1043 3794 paria.-
1064 3736 1090 3780 at
1109 3732 1146 3780 11.
1160 3737 1173 3790 §
1187 3733 1249 3790 337,
1263 3745 1332 3780 acere
1344 3747 1427 3780 mores
1438 3735 1500 3782 civi·

961 3810 1037 3869 tatia„

994 3890 1052 3936 225.
1069 3891 1095 3937 et
1107 3889 1256 3949 anapla'raimo
1269 3891 1294 3937 et
1302 3889 1424 3950 Μοίρι.
1453 3890 1500 3937 Se·
1601 3896 1602 3907 ¹

959 3965 1011 4014 cuti
1023 3970 1082 4015 aunt
1093 3966 1206 4015 Editorcs
1219 3981 1301 4015 meam
1307 3968 1501 4016 correctionem.

959 4045 1042 4107 Vulgo
1056 4045 1096 4103 et,
1117 4050 1175 4093 anta
1183 4046 1310 4106 ρήιιοίρί,
1324 4044 1499 4094 omittebatur:

959 4137 1080 4184 nusquam
1095 4123 1213 4184 princepe
1232 4137 1290 4172 cum
1309 4123 1439 4173 Adiectivo
1459 4125 1501 4171 di·
1600 4184 1601 4187 Ἴ

960 4201 1032 4248 citur.

993 4292 1097 4340 quoram
1120 4279 1256 4327 crudelitas
1274 4281 1359 4327 metro
1378 4280 1502 4340 samaiae

959 4371 1008 4404 aaa
1026 4360 1112 4418 poteri
1130 4358 1237 4417 expleri.
1277 4356 1344 4415 Quid
1361 4357 1438 4420 igitur
1456 4357 1501 4406 isti

958 4440 1057 4496 praeter
1073 4435 1219 4498 sanguinem
1233 4440 1349 4497 expatma
1361 4440 1499 4496 poterant?
1599 4436 1600 4453 ¹

959 4514 1076 4574 quoniam
1088 4513 1137 4562 hoc
1150 4513 1250 4574 quidam
1260 4517 1398 4561 extremum
1410 4512 1500 4562 haberi

959 4593 1031 4640 solet.
1055 4592 1112 4640 Sex.
1127 4593 1200 4640 Roac.
1214 4595 1300 4640 Amet.
1314 4596 1328 4650 §
1343 4592 1367 4649 7,
1377 4593 1453 4652 peto,
1468 4595 1500 4639 at
