3242 5500
374 548 444 617 280
715 566 828 615 ersus
855 564 1024 615 ruamus.
1053 548 1070 628 §
1097 546 1155 614 23.

373 741 473 827 citet,
501 741 571 813 sive
596 748 633 812 ut
655 741 834 826 reflectat,
862 740 933 811 sive
956 747 996 811 ut
1021 737 1202 824 incendat,
1226 736 1297 808 sive
1314 745 1355 807 ut
1372 736 1494 823 leniat,

375 851 445 922 sive
467 850 511 922 ed
535 874 684 947 paucos,
712 849 782 921 sive
805 849 850 920 ad
872 848 1018 934 multos,
1046 848 1117 921 sive
1142 848 1234 918 inter
1249 846 1401 932 alienos,
1428 847 1495 918 sive

372 984 453 1031 cum
486 960 578 1047 suis,
618 960 689 1031 sive
722 982 861 1043 secum,
896 958 980 1030 rivis
1014 966 1067 1030 est
1096 957 1240 1028 diducta
1267 957 1400 1042 oratio,
1427 980 1493 1028 non

374 1068 551 1155 fontibus,
591 1078 645 1156 et,
684 1092 907 1164 quocumque
944 1060 1162 1163 ingreditur,
1200 1066 1324 1137 eodem
1361 1074 1416 1137 est
1445 1066 1495 1137 in·

317 1202 350 1246 ss
374 1188 510 1251 structu
548 1187 742 1275 ornatuque
777 1179 949 1250 comitata.
1013 1176 1102 1263 Sed,
1139 1176 1305 1271 quoniam
1340 1178 1495 1272 oppressi

372 1289 442 1359 iam
468 1313 588 1373 sumus
611 1287 857 1383 opinionibus,
884 1311 956 1359 non
980 1286 1084 1358 modo
1106 1286 1224 1381 vulgi,
1251 1287 1495 1358 verumetiam

372 1396 555 1470 hominum
581 1398 703 1470 leviter
727 1397 964 1482 eruditorum,
991 1396 1074 1491 qui,
1101 1421 1191 1491 quae
1215 1395 1403 1489 complecti
1426 1404 1496 1469 tots

373 1515 574 1602 nequeunt,
601 1508 685 1579 haec
710 1507 847 1578 facilius
878 1506 1014 1578 divulsa
1038 1514 1072 1577 et
1096 1506 1197 1600 quasi
1219 1505 1396 1602 discerpta
1416 1530 1493 1577 con·

373 1623 544 1703 tractant,
581 1617 730 1712 etqui,
769 1625 950 1711 tamquam
985 1615 1030 1687 ab
1065 1616 1183 1687 animo
1219 1639 1366 1710 corpus,
1406 1616 1495 1687 sica

375 1726 559 1799 sententiis
598 1724 702 1797 verba
740 1726 951 1821 seiungunt,
978 1749 1129 1820 quorum
1154 1725 1230 1795 sine
1249 1725 1399 1798 interitu
1423 1726 1494 1796 fieri

372 1842 538 1907 neutrum
579 1844 711 1933 potest;
756 1859 827 1907 non
869 1835 1057 1931 suscipiam
1090 1836 1245 1907 oratione
1281 1858 1360 1905 mea
1397 1836 1492 1932 plus,

373 1970 478 2041 (quam
503 1945 590 2017 mihi
615 1946 827 2040 imponitur:
854 1954 994 2018 tantum
1018 1944 1224 2040 significabo
1255 1939 1410 2040 [brevi]‚
1437 1970 1492 2016 ne·

373 2080 441 2151 que
476 2054 658 2127 verborum
695 2063 859 2127 ornatum
884 2055 1033 2126 inveniri
1058 2079 1179 2151 posse,
1207 2078 1279 2125 non
1303 2056 1416 2152 partis
1438 2080 1490 2126 ex·

372 2165 571 2261 pressisque
606 2166 809 2249 sententiis,
846 2189 961 2260 neque
986 2189 1061 2236 esse
1084 2164 1193 2235 ullam
1217 2166 1430 2236 sententiam
1454 2164 1490 2235 il·

317 2305 346 2350 m
372 2275 518 2347 lustrem
556 2276 644 2375 sine
666 2275 742 2347 luce
776 2274 973 2346 verborum.
1040 2273 1109 2345 Sed
1140 2273 1260 2369 prius3
1296 2299 1405 2370 quam
1441 2275 1495 2346 illa

372 2410 477 2457 conor
508 2386 703 2481 attingere,
730 2384 860 2481 quibus
885 2385 1079 2456 orationem
1102 2384 1218 2455 ornari
1238 2391 1344 2480 atque
1369 2385 1493 2457 illumi·

373 2495 448 2574 nari
483 2503 624 2590 putem,
650 2517 843 2590 proponam
866 2493 1037 2579 breviter,
1065 2492 1152 2589 quid
1178 2494 1329 2565 sentiam
1355 2494 1400 2566 de
1423 2494 1494 2566 uni-

371 2628 469 2675 verso
494 2602 795 2699 generedicendi.

324 2728 344 2798 7
420 2715 557 2786 Natura
588 2714 685 2787 nulla
705 2722 777 2801 est,
805 2720 845 2786 ut
868 2713 956 2786 mihi
978 2713 1134 2800 videtur,
1162 2736 1252 2808 quae
1277 2737 1349 2786 non
1373 2714 1494 2788 habeat

370 2826 406 2896 in
444 2850 506 2896 suo
540 2849 668 2921 genere
693 2848 748 2896 res
774 2824 971 2920 complures
996 2824 1184 2896 dissimiles
1207 2825 1301 2896 inter
1326 2850 1383 2911 se,
1410 2849 1494 2921 quae

369 2945 486 3006 tamen
529 2933 705 3007 consimili
747 2933 850 3005 laude
888 2933 1091 3029 dignentur.
1156 2935 1248 3006 Nam
1287 2944 1322 3008 ct
1355 2935 1493 3007 auribus

401 3264 442 3309 24.
461 3262 815 3325 lamlumsipmiflcaboffrevi}
834 3263 908 3321 Quod
992 3276 1054 3323 quae
1087 3264 1135 3309 elsi
1170 3277 1213 3310 mos
1239 3263 1335 3311 vocibus
1366 3263 1493 3312 delectant.

367 3341 532 3402 praemittitur
547 3341 659 3400 lanium,
677 3341 758 3403 ipsum
771 3357 817 3404 per
830 3356 856 3391 se
868 3342 907 3388 in·
958 3341 1081 3401 Kayserus
1094 3341 1126 3388 de
1140 3356 1184 3389 sno
1198 3342 1276 3390 edidit
1288 3369 1322 3378 —
1335 3358 1380 3391 aas
1392 3343 1494 3391 numeris

367 3420 446 3477 dicet,
462 3435 512 3467 non
526 3417 638 3482 pluribus
655 3434 711 3468 eum
725 3421 908 3482 propositurum
957 3420 1096 3477 camellus,
1111 3420 1249 3478 collinirs,
1263 3423 1405 3484 §195,sqq.
1423 3422 1492 3483 Equi·

368 3513 428 3547 esse.
470 3499 532 3554 Sed,
554 3503 581 3546 ut
602 3499 622 3544 Ι.
645 3501 719 3556 ξ34,
739 3504 806 3547 reete
820 3499 909 3548 dicitur
932 3484 935 3505 ¹
957 3499 1015 3547 dem
1027 3513 1078 3546 non
1092 3499 1200 3560 requiro.
1303 3521 1309 3529 =

368 3578 566 3639 eomprehendam
581 3579 660 3634 brevi,
675 3577 690 3623 i.
706 3593 728 3625 e.
744 3578 843 3639 paucis,
857 3592 908 3626 non
991 3578 1127 3637 voluptates
1146 3580 1269 3625 obleelanl
1282 3579 1403 3639 dispares.
1436 3581 1491 3626 For·

367 3657 425 3705 item
454 3658 519 3705 brevi
542 3656 683 3717 siqnifimre
702 3656 784 3704 dicere
804 3655 908 3715 licebat,
956 3660 1020 3703 iesse
1037 3670 1087 3703 una
1100 3657 1190 3703 vocula
1203 3657 1306 3714 excidit,
1322 3662 1350 3705 nt
1362 3659 1491 3721 legendum

367 3750 446 3797 eoque
463 3734 582 3783 adverbio
596 3733 723 3782 liberanda
737 3735 797 3781 mihi
810 3735 909 3784 videtur
957 3734 1035 3782 sit-
1048 3735 1171 3782 abactam
1185 3737 1236 3782 lam
1250 3736 1370 3796 dispares.

367 3814 785 3874 cretio.Moxsuolooo,propomam
793 3815 908 3864 breviter.
932 3854 935 3892 Ι
991 3814 1032 3861 26.
1049 3827 1099 3860 uma
1113 3814 1227 3876 stupendi
1241 3815 1279 3861 esl
1293 3829 1390 3863 ars-.
1425 3815 1491 3863 Edidi

401 3895 441 3940 25.
455 3893 539 3952 prius,
555 3907 627 3953 qaam
640 3893 908 3957 illcconorsllinpere,
932 3893 935 3981 q
958 3891 1020 3940 hsce
1039 3892 1174 3939 secundam
1195 3907 1275 3940 meam
1289 3896 1488 3943 emendationem.

366 3972 383 4018 i.
405 3985 427 4019 e.
447 3970 593 4031 explicanda
615 3971 752 4033 suscipere:
772 3987 822 4033 quo
835 3973 909 4020 modo
933 3988 935 4047 q
958 3971 1045 4032 ltaque
1059 3973 1150 4032 etqui,
1165 3976 1222 4018 ente
1235 3986 1329 4029 ommes,
1344 3973 1489 4032 eismerunl,

366 4048 471 4098 verbnm
492 4050 631 4113 allinqemdi
652 4055 688 4098 est
714 4050 767 4098 nin.
784 4052 834 4098 lIl.
850 4056 862 4110 t
877 4057 908 4109 5,
957 4056 1014 4111 post
1031 4050 1175 4106 dissimiles,
1190 4050 1286 4107 delevi,
1301 4057 1326 4099 et
1340 4052 1490 4100 dissimillimi
1510 4057 1513 4064 '

366 4143 394 4176 ea
409 4143 474 4177 same
482 4130 593 4189 primum
607 4130 869 4194 audmsosatlisqers.
958 4128 1028 4185 dedi,
1050 4128 1133 4176 deleto
1157 4142 1210 4189 que.
1246 4130 1317 4185 Eius,
1340 4131 1381 4191 qui
1399 4131 1489 4179 istsin·

400 4208 430 4256 ut
456 4221 532 4255 anum
558 4221 655 4255 semum
683 4208 798 4256 dissimili
820 4221 910 4269 pessare
957 4207 1076 4263 caleavit,
1090 4206 1211 4255 inscitiam
1225 4209 1345 4271 arguitv.
1361 4207 1489 4257 everbum

366 4287 495 4333 delectent.
545 4287 653 4335 Concedi
686 4301 737 4334 non
770 4291 852 4348 potest
881 4292 910 4336 ut
951 4284 1075 4343 fumat,
1096 4299 1172 4346 quum
1192 4286 1325 4335 dicendum
1345 4294 1408 4337 esset
1419 4290 1487 4334 sunl.-

365 4365 502 4425 voluptates
529 4365 641 4413 dicantur
669 4366 791 4413 delectare
810 4379 908 4413 sessum
955 4364 1078 4412 iudicatur
1097 4365 1164 4411 enim
1184 4379 1199 4412 s
1217 4366 1305 4414 Crasso
1319 4367 1350 4415 de
1362 4367 1421 4416 artis
1433 4382 1487 4428 ope-

365 4444 480 4491 dissimili
497 4455 586 4502 ponere
593 4460 603 4499 ,·
621 4444 713 4504 quippe
727 4443 859 4492 delectatio
872 4450 909 4494 est
955 4441 1036 4500 ribus,
1051 4457 1114 4503 quse
1128 4458 1196 4491 nunc
1207 4443 1299 4492 intueri
1312 4443 1411 4494 licebat.

364 4522 389 4568 in
410 4521 464 4583 ipsa
483 4522 616 4581 voluptate.
652 4522 833 4586 corrigendum
846 4537 906 4570 een·
988 4520 1166 4570 admirabilius.
1180 4522 1488 4585 Secundumes,qusesli·

365 4615 421 4658 seo,
440 4599 570 4648 dissimilia
581 4615 680 4662 cesara.
955 4601 1050 4662 quoties
1064 4601 1096 4648 sd
1110 4603 1214 4650 Brutum
1229 4607 1254 4650 et
1267 4604 1300 4650 sd
1311 4605 1438 4652 Oratorem
1446 4615 1485 4648 no·
