3242 5500
369 548 437 615 158
614 616 618 623 ,
694 563 805 612 amna
833 563 1034 612 snounnus.
1064 545 1081 624 1
1107 546 1165 612 911.

367 737 557 834 delegerit,
592 736 764 810 imitando
794 737 958 832 effingat,
992 745 1098 832 atque
1131 737 1179 810 ita
1205 735 1397 830 exprimat,
1420 757 1486 804 non

366 856 407 920 ut
442 847 571 919 multos
596 847 789 918 imitatores
816 869 918 942 saepe
943 846 1110 942 cognovi,
1137 845 1199 941 qui
1223 853 1284 916 aut
1309 869 1371 930 ea,
1403 869 1487 938 quae

366 958 481 1030 laoilia
497 945 500 948 ⁴
518 965 621 1042 sunt,
658 964 720 1028 aut
753 957 862 1028 etiam
898 955 974 1041 ille,
1011 981 1100 1052 quae
1128 955 1283 1064 iffiign-ia
1312 978 1352 1026 ao
1381 978 1486 1050 paene

309 1092 340 1138 el
364 1067 509 1152 vitiosa,
536 1072 779 1138 consectantur
801 1065 984 1137 imitando.
1013 1065 1114 1138 Nihil
1136 1072 1189 1137 est
1201 1064 1359 1148 facilior,
1386 1086 1487 1158 quam

366 1176 532 1248 amictum
560 1175 690 1247 imitari
724 1175 891 1260 alicuine,
925 1183 986 1246 aut
1017 1181 1165 1260 statum,
1191 1183 1252 1245 aut
1276 1181 1433 1245 motum:
1460 1174 1487 1244 si

366 1309 447 1357 vero
467 1279 605 1378 [etiam]
630 1284 745 1356 vitiosi
760 1283 896 1379 aliquid
909 1291 981 1369 ast,
1003 1283 1040 1354 id
1052 1307 1207 1368 sumere,
1230 1283 1311 1355 etin
1325 1307 1367 1354 eo
1379 1280 1485 1353 ambi·

365 1396 497 1468 tiosum
522 1418 617 1479 esse,
643 1415 714 1464 non
740 1416 911 1487 magnum
936 1401 1007 1477 est;
1033 1393 1170 1478 atille,
1196 1393 1259 1488 qni
1277 1393 1485 1464 nuncetiam

317 1473 339 1570 l
366 1506 495 1577 amissa
517 1527 599 1576 voce
611 1503 696 1574 furit
709 1503 745 1573 in
759 1500 966 1598 republica,
987 1502 1130 1588 Fufius,
1156 1526 1278 1574 nervos
1292 1501 1488 1573 indicendo

221 1581 351 1732 &01⁴⁶
368 1615 408 1686 Ο.
440 1612 637 1699 Fimbriae,
671 1637 759 1707 quos
782 1620 902 1683 tamen
928 1610 1053 1684 habuit
1075 1612 1155 1697 ille,
1179 1636 1250 1683 non
1276 1611 1487 1706 assequitur,

80 1730 162 1840 >pt
173 1701 207 1768 Ψ
366 1724 437 1796 oris
473 1723 679 1818 pravitatem
713 1727 748 1792 et
773 1719 1204 1824 verborumlatitudinem
1227 1721 1402 1792 imitatur:
1431 1719 1489 1790 sed

30 1805 71 1892 ‘li
371 1828 521 1929 [tamen]
546 1831 606 1904 ille
629 1856 694 1904 neo
719 1830 872 1926 deligere
887 1831 1003 1918 noivit,
1017 1832 1116 1903 ouius
1129 1831 1352 1926 potissimum
1367 1830 1488 1902 similis

368 1951 477 2028 esset,
503 1949 537 2014 et
561 1941 598 2012 in
624 1965 665 2012 eo
689 1941 782 2035 ipso,
807 1964 913 2035 quem
934 1939 1125 2036 delegerat,
1147 1941 1276 2012 imitari
1288 1941 1395 2012 etiarn
1408 1939 1490 2010 vitia

311 2072 344 2118 se
368 2052 488 2124 voluit.
517 2050 591 2127 Qui
614 2059 730 2122 autem
753 2050 801 2121 ita
825 2049 945 2135 faciet,
968 2057 1008 2121 ut
1028 2058 1180 2145 oportpt‚
1203 2049 1357 2145 primum
1370 2049 1490 2144 vigilet

368 2185 509 2232 necesso
545 2167 598 2232 ost
630 2159 668 2230 in
698 2158 905 2253 deligendo:
940 2158 1088 2244 deinde,
1123 2183 1228 2254 quem
1251 2157 1430 2255 probavit,
1455 2159 1490 2228 in

367 2295 425 2356 eo,
450 2294 539 2366 qnae
561 2268 713 2360 mapime
736 2268 927 2350 excellent,
955 2292 995 2340 ea
1017 2268 1287 2364 diligentissime
1305 2292 1489 2364 persequa-

368 2390 435 2454 tur.
464 2379 563 2455 Quid
575 2379 670 2451 enim
682 2402 806 2450 causae
823 2378 972 2450 censetis
986 2401 1072 2464 esse,
1085 2403 1148 2450 our
1160 2387 1291 2450 aetates
1304 2378 1491 2450 extulerint

368 2489 529 2584 singulae
546 2512 654 2584 prope
674 2487 815 2583 singula
831 2511 960 2582 genera
977 2487 1140 2560 dicendi?
1161 2487 1255 2583 quod
1273 2512 1343 2560 non
1356 2488 1461 2560 tami
1479 2526 1489 2537 ·

367 2600 434 2673 eile
455 2599 493 2670 in
513 2597 641 2669 nostris
658 2595 853 2673 oratoribus
865 2621 1051 2692 possumus
1064 2597 1237 2684 iudicare,
1259 2597 1342 2693 quia
1355 2600 1491 2693 scripte,

368 2734 412 2781 ex
444 2707 574 2805 quibus
608 2705 778 2779 iudicium
804 2705 880 2778 fieri
903 2715 1040 2802 posset,
1066 2731 1138 2779 non
1164 2708 1274 2779 multa
1306 2731 1391 2780 sane
1416 2706 1491 2779 reli·

369 2826 539 2914 querunt,
573 2840 679 2912 quam
712 2816 749 2888 in
778 2817 1351 2914 (111111111111011111111111,
1379 2818 1492 2890 euius-

369 2952 438 3023 que
461 2927 585 2999 aetatis
607 2949 697 3021 qnae
722 2925 862 2998 dicendi
887 2927 975 2999 ratio
994 2927 1226 3021 voluntasque
1243 2926 1368 3013 suerit,
1394 2927 1492 3000 intel·

369 3253 557 3303 monstrandum
577 3258 679 3314 usurpet
692 3253 862 3317 Heusingerus
875 3256 907 3303 sd
956 3259 969 3313 ξ
986 3254 1029 3312 17,
1043 3255 1116 3302 inane
1128 3260 1153 3304 et
1166 3256 1324 3303 irridendum
1338 3256 1494 3320 coniungun-

369 3335 441 3383 Offio.
464 3334 486 3380 1.
507 3333 554 3389 30,
577 3333 608 3379 15
633 3334 659 3395 (ξ
683 3331 756 3396 1119),
778 3331 822 3380 ubi
840 3334 928 3391 illis‚'
955 3338 1005 3382 tur.
1036 3334 1078 3381 Nil
1091 3338 1174 3383 temen
1189 3333 1289 3382 definio.

283 3454 285 3459 .
369 3414 476 3474 itemque
488 3413 515 3459 tn
527 3411 678 3459 sermonibue
691 3410 905 3474 atium(utlegen-
988 3414 1033 3459 red
1054 3414 1161 3473 [tameo]
1183 3414 1234 3460 ille.
1276 3414 1307 3460 In
1328 3426 1380 3461 uno
1401 3418 1494 3463 1111111

369 3492 429 3539 dum
441 3489 499 3548 est),
506 3488 714 3550 opponiturmox,
722 3490 906 3552 contraque—,
956 3491 1019 3539 Cod.
1040 3492 1118 3539 omitti
1137 3492 1211 3539 video
1234 3494 1330 3549 tomen,
1345 3505 1386 3540 me
1400 3492 1494 3547 inm'oe,

370 3574 396 3618 et
407 3569 434 3616 in
446 3569 494 3616 illis
500 3567 691 3629 intelligendum
698 3566 814 3615 videmus.
834 3569 907 3626 Quod
954 3573 1031 3617 recte.

369 3652 452 3695 sutem
472 3646 578 3709 legitur,
602 3660 675 3705 eaepe
694 3647 806 3709 eopsooi,
823 3646 907 3695 feren·
989 3648 1030 3695 92.
1043 3648 1217 3709 pereeqnetur.
1232 3650 1307 3712 Vulg.
1316 3650 1494 3710 peraequatur,

370 3727 430 3774 dum
449 3739 501 3773 non
522 3729 573 3782 eet,
591 3724 617 3771 in
631 3723 717 3785 primis
730 3726 906 3786 1111111111.-
955 3730 984 3773 11
998 3729 1010 3783 ξ
1025 3726 1065 3774 96.
1101 3724 1239 3787 Utrobique
1253 3726 1429 3789 corrigendum
1440 3727 1494 3783 fuit,

369 3804 560 3866 corrigendum,
576 3801 629 3863 ipee
642 3816 710 3865 copo.
956 3803 1023 3864 quod
1033 3802 1059 3851 in
1071 3803 1118 3851 hac
1125 3804 1292 3866 praecipiendi
1299 3805 1380 3853 forme
1387 3806 1420 3854 de
1427 3821 1494 3854 more

405 3884 445 3931 91.
463 3881 754 3942 emmerammenses
766 3907 808 3929 -,
821 3882 909 3931 Aliena
957 3884 1076 3930 Futurum
1100 3883 1209 3943 ponitur.
1251 3886 1311 3932 Mox
1331 3884 1495 3947 corrigendus

370 3962 429 4009 hino
443 3964 480 4008 est
494 3960 565 4008 Cerri.
578 3960 668 4017 etiam,
688 3972 751 4019 quae
764 3960 907 4021 praesertim
956 3960 1004 4009 1111
1031 3959 1165 4010 verborum
1185 3962 1258 4011 ordo:
1282 3963 1353 4025 vulg.
1382 3965 1493 4023 stnputae

370 4040 445 4087 modo
460 4043 528 4086 recte
540 4042 683 4098 poneretur.
956 4040 1053 4099 utputa
1061 4054 1147 4099 prope.

404 4122 430 4167 et
449 4118 476 4164 tn
496 4132 523 4164 eo
543 4117 697 4163 ambitionem
716 4129 774 4163 eese.
806 4115 909 4177 Suscepi
991 4118 1031 4165 93.
1050 4131 1153 4179 quorum
1166 4119 1496 4179 qoidemserzptaeonstent.

371 4195 525 4246 Lachmanni
541 4199 639 4242 eentum
652 4194 834 4251 coniecturam,
849 4208 908 4255 pree
957 4197 1013 4243 Non
1033 4196 1120 4245 attinet
1139 4210 1206 4244 nune
1218 4197 1287 4245 illem
1301 4199 1496 4247 controversiam

369 4278 439 4339 vulg.
463 4275 575 4322 vitiorum
587 4288 647 4321 esee.
677 4273 767 4321 Sensus
780 4278 830 4331 est,
845 4278 870 4321 et
882 4273 908 4320 in
956 4274 1086 4337 attingere.
1104 4277 1140 4323 Es
1153 4280 1246 4333 aetate,
1261 4288 1309 4335 qua
1322 4277 1495 4339 Ciceroserip·

369 4371 400 4404 eo
420 4369 447 4403 se
464 4354 565 4401 iactare.
599 4352 648 4399 Sed
662 4351 776 4411 displicet
788 4352 828 4409 id,
842 4352 908 4413 quod
956 4352 1001 4409 sit,
1022 4368 1073 4401 non
1093 4354 1150 4402 satis
1171 4359 1242 4402 ceute
1263 4354 1293 4402 de
1313 4353 1405 4403 talibus
1423 4354 1497 4403 rebus

369 4430 908 4490 subiicitur,nonmapnumeet‚noneantum
955 4429 1064 4479 indicare
1094 4432 1231 4481 didicerant
1257 4432 1369 4481 homines
1396 4434 1496 4482 literati.

370 4511 531 4573 languidum,
559 4509 604 4557 sed
629 4522 661 4555 ne
685 4521 773 4555 verum
797 4508 907 4567 quidem.
956 4508 1117 4571 Spengelius,
1144 4511 1186 4572 qui
1212 4511 1238 4559 in
1258 4511 1355 4559 Artium
1376 4512 1497 4575 Scriptor.

373 4588 552 4644 Coniieiebam,
566 4588 696 4643 iuoneest,
710 4584 781 4633 sicuti
789 4600 872 4647 supra,
884 4588 905 4633 1.
956 4602 981 4647 p.
1010 4589 1055 4644 61,
1083 4603 1120 4649 sq.
1148 4590 1283 4650 prudenter
1310 4590 1423 4651 disputat
1444 4598 1499 4651 post
