3242 5500
468 576 580 627 arana
608 578 776 628 'rnrrrrus
807 564 824 642 §
851 562 933 630 105.
1192 564 1260 631 321

136 749 232 843 quod
268 756 486 844 postremum
523 751 616 836 dixi,
653 752 878 846 amplificatio
909 761 1026 847 potest
1049 756 1261 850 plurimum,

136 882 248 953 eaque
286 882 357 929 una
394 858 470 929 laus
507 860 653 933 oratoris
691 868 742 933 est
766 862 907 957 propria
930 864 1092 935 maxime.
1144 863 1261 937 Etiam

135 968 247 1038 maior
285 974 338 1037 est
361 962 422 1039 illa
445 970 646 1057 exercitatio
675 966 821 1065 [‚quam
845 971 998 1043 extremo
1024 997 1182 1045 sermone
1206 974 1260 1044 in·

135 1076 263 1148 struxit
288 1076 485 1162 Antonius,
513 1078 627 1173 primo
652 1076 862 1175 reiiciebatl,
889 1081 1057 1153 laudandi
1075 1091 1109 1153 et
1125 1084 1260 1178 vitupe-

133 1185 252 1257 randi:
280 1184 369 1257 nihil
389 1194 441 1257 est
460 1186 554 1257 enim
575 1187 620 1259 ad
638 1190 919 1283 exaggerandam
932 1199 967 1262 et
979 1191 1260 1285 amplificandam

132 1296 328 1367 orationem
357 1297 670 1383 accommodatius,
706 1323 813 1393 quam
838 1307 1029 1394 utrumque
1052 1299 1175 1372 horum
1198 1327 1258 1373 cu-

132 1405 364 1477 mulatissime
386 1405 499 1475 faeere
523 1430 636 1500 posse.
682 1406 953 1501 Consequentur
977 1409 1082 1479 etiam
1099 1410 1152 1482 illi
1170 1410 1256 1495 loci,
1286 1436 1331 1481 roa

131 1515 212 1608 qui,
254 1538 469 1609 quamquam
503 1515 636 1611 proprii
676 1540 859 1587 causarum
897 1524 932 1587 et
966 1516 1187 1589 inhaerentes
1219 1520 1257 1590 in

131 1646 252 1695 aarum
277 1623 392 1693 nervis
418 1648 493 1695 esse
519 1623 669 1709 debent,
697 1633 836 1710 tamen,
864 1626 1013 1720 quiade
1038 1627 1199 1699 universa
1221 1652 1257 1697 re

130 1733 271 1804 tractari
305 1732 439 1817 solent,
477 1756 672 1807 communes
706 1758 726 1805 a
756 1734 932 1806 veterrbus
957 1736 1129 1811 nominati
1152 1746 1255 1809 sunt:

130 1865 281 1935 quorum
317 1842 445 1936 partim
482 1841 613 1913 habent
645 1843 810 1915 vitiorum
836 1851 870 1914 et
895 1852 1116 1940 peecatorum
1140 1870 1254 1918 aorem

127 2034 355 2040 -—-——-—---—---
363 2033 424 2042 ---.

125 2160 246 2207 ationem
260 2160 383 2207 reiecerat
394 2159 473 2222 (quod
485 2174 615 2221 perperam
623 2162 665 2209 El·
690 2149 692 2195 i
716 2162 790 2208 ctiam
818 2162 897 2208 maier
923 2163 961 2209 eat
987 2163 1032 2209 illa
1058 2166 1253 2228 condictione,

127 2238 236 2285 lendtius
250 2237 282 2285 ad
296 2237 321 2285 h.
337 2238 355 2284 l.
369 2238 553 2299 interpretatur,
568 2243 667 2287 ntesset
689 2215 692 2339 1¹
715 2254 787 2328 paam
800 2265 835 2274 —
847 2239 985 2297 caruerat,
1003 2240 1121 2289 adhibita.
1146 2244 1253 2293 Tantum

126 2332 185 2377 pro,
201 2316 357 2364 laudationes
373 2317 525 2378 upraeceptis
540 2332 665 2379 egerene-
689 2340 691 2353 =
714 2317 840 2379 rntelligo‚
868 2316 945 2365 verba
965 2318 1027 2366 haec
1049 2333 1105 2366 cum
1125 2321 1252 2382 superiore

125 2394 274 2458 gaverat'’)‚
287 2395 666 2458 sedtotumhunceepreqaeerat
714 2396 835 2444 sententie
857 2396 1024 2444 continuanda
1044 2411 1112 2455 esse,
1127 2403 1180 2446 turn
1194 2414 1252 2448 sen·

126 2476 209 2522 locum
223 2474 273 2537 (ll.
289 2472 364 2535 341);
379 2474 409 2520 de
421 2474 587 2535 amplificandi
595 2489 663 2523 exer·
688 2493 690 2573 p
713 2474 816 2522 tentiam
832 2480 898 2522 certe
912 2474 1052 2523 huiusmodi
1066 2478 1197 2536 quamdam
1211 2494 1252 2527 re·

126 2553 252 2607 citatione,
264 2550 663 2611 quaelaudationibuscontinere·
688 2576 689 2584 ¹
714 2552 791 2611 quiri,
814 2554 885 2600 cuiue
901 2551 1251 2618 (amplificatiouic)faculta·

124 2638 179 2689 tur,
201 2632 264 2679 nihil
284 2630 387 2678 dixerat.
422 2631 568 2693 Praeterea,
584 2645 664 2691 neque
714 2632 763 2677 tem
783 2630 860 2689 effert
879 2632 1028 2680 exercitatio
1046 2634 1163 2681 laudandi
1176 2635 1202 2681 et
1215 2637 1249 2682 ai·

124 2711 330 2758 eaerutauouem
343 2710 468 2756 instruere
481 2709 596 2757 Latinum
611 2714 663 2767 est,
712 2708 853 2769 tuperuudi.

124 2804 207 2850 neque
220 2802 303 2835 eucrc.
312 2789 456 2848 praeceptis
469 2789 602 2835 iustruere.
627 2790 663 2837 Eo
747 2786 803 2835 106.
822 2787 1089 2848 amequentareuam
1103 2791 1141 2838 illi
1155 2792 1248 2839 loci-.

124 2881 223 2928 quoque
238 2867 349 2929 arguitur
362 2865 497 2924 emblema,
513 2866 588 2926 quod,
602 2881 662 2914 con·
712 2864 843 2914 Pideritius
856 2864 919 2912 haec
931 2865 1089 2926 interpretari
1094 2866 1194 2937 yidetur
1200 2868 1249 2918 hoc

123 2953 161 2994 tra
176 2961 250 3007 quam
265 2945 385 2993 sermonis
400 2945 564 3003 normalem,
582 2946 661 2994 divel-
712 2942 797 2990 modo:
817 2943 921 2990 neodem
934 2944 1060 3004 pertinent
1072 2944 1109 2991 illi
1123 2946 1172 2993 loci
1184 2947 1248 2994 -:''

123 3027 210 3072 luntur
237 3023 385 3072 exercitatio
412 3023 537 3071 laudandi.
583 3024 663 3087 Igitur
711 3035 859 3082 quamquam
881 3035 962 3082 neque
974 3022 1037 3070 illud
1050 3023 1132 3072 eodem
1145 3025 1209 3073 inest
1222 3026 1247 3074 in

122 3104 219 3164 reliqua
240 3107 298 3150 sunt
319 3102 380 3149 haec
393 3101 481 3149 verba:
496 3104 571 3150 etiam
584 3105 663 3152 mutor
710 3097 808 3156 verbis,
824 3113 905 3160 neque
918 3100 1032 3162 ceraequi
1045 3101 1094 3148 dici
1107 3107 1188 3164 potest
1202 3119 1247 3165 pro

122 3185 160 3230 cat
177 3183 222 3229 illa
237 3181 384 3230 exercitatio
399 3180 515 3227 trudendi
529 3183 555 3228 ct
567 3181 660 3242 1111111-
706 3177 836 3235 periinere
854 3179 895 3224 ad·
929 3179 986 3226 Non
1007 3179 1106 3228 difficile
1123 3187 1160 3230 est
1173 3182 1247 3230 intel·

122 3260 205 3308 raudi.
223 3261 254 3306 In
269 3258 307 3306 his
321 3272 401 3319 neque
415 3260 490 3307 Pron.
504 3259 548 3306 illa
560 3274 586 3307 se
598 3261 661 3308 tueri
710 3255 804 3317 ligere,
826 3256 898 3304 Sicuti
918 3257 1037 3304 laudandi
1054 3263 1079 3306 et
1091 3259 1248 3320 vituperandi
1325 3251 1328 3255 ⁵

121 3343 220 3400 potest,
242 3337 359 3398 quoniam
379 3336 441 3384 nihil
463 3341 512 3393 est,
534 3352 582 3397 quo
597 3338 660 3386 eius·
711 3334 897 3382 exercitationes
911 3335 984 3382 utiles
998 3350 1052 3384 esse
1063 3336 1208 3387 dicebantur
1215 3341 1247 3386 ad

121 3417 189 3465 modi
210 3415 348 3478 designatio
369 3416 566 3463 commendetur:
591 3421 659 3474 turn,
710 3412 907 3472 amplificationis
921 3415 1036 3471 laudem,
1051 3415 1139 3462 eodem
1146 3417 1246 3465 nomine

121 3508 284 3557 quamquam,
306 3494 328 3540 I.
348 3499 360 3550 ξ
384 3494 442 3550 145,
465 3493 554 3541 dicitur
574 3509 661 3557 mapua
710 3490 878 3538 commendari
897 3492 966 3541 locos
987 3505 1138 3541 communes.
1180 3495 1247 3544 Hinc

120 3573 283 3630 exercitatio,
298 3576 445 3619 nontamen
459 3571 485 3618 h.
499 3573 517 3619 l.
530 3574 658 3634 maiorap·
709 3568 883 3631 corrigendum
905 3573 956 3628 est,
974 3575 1153 3632 consequentur
1166 3574 1246 3632 idem,

120 3651 335 3712 pelleripoterat‚
356 3649 413 3710 quia
426 3651 495 3697 nulla
509 3651 660 3712 comparatio
708 3647 724 3694 i·
750 3662 772 3694 e·
794 3647 990 3709 ¹amplificationis
1009 3648 1117 3696 laudem.
1159 3651 1245 3710 Ipsum

120 3746 177 3778 cum
199 3731 248 3778 alia
268 3729 401 3790 cogitatur:
416 3728 508 3776 frustra
521 3729 569 3777 hoc
583 3743 658 3790 expe·
707 3725 771 3773 illud
790 3725 865 3772 etiam
879 3725 905 3772 in
919 3725 966 3773 hac
979 3727 1100 3776 sententia
1113 3727 1244 3778 serendum

120 3810 173 3858 dire
189 3806 326 3856 conabatur
333 3807 481 3854 Ellendtius.
499 3809 568 3864 Quae
576 3812 658 3855 autern
708 3819 758 3852 non
774 3807 834 3852 erat.

120 3886 270 3936 Coniunctio
290 3885 392 3933 inchoat
412 3885 476 3932 hanc
496 3886 656 3943 sententiam,
740 3883 798 3944 quia
818 3881 848 3929 de
867 3882 981 3930 univerae
994 3897 1022 3930 re
1036 3883 1143 3933 tractari
1155 3887 1244 3934 colent.

119 3968 208 4022 citum,
224 3969 262 4022 et,
276 3963 295 4011 si
310 3977 367 4011 cum
382 3963 497 4024 Compar.
512 3965 591 4012 mator
601 3963 656 4011 iun·
706 3961 754 4008 Vix
768 3961 956 4009 concedendum
966 3961 1090 4021 scripsisse
1099 3961 1243 4012 Ciceronem

119 4045 193 4106 gitur,
209 4040 242 4091 ob
255 4042 368 4090 eamdem
380 4041 657 4104 causamintempestiva
707 4041 770 4086 lecca
783 4053 920 4086 communae
931 4041 1040 4088 tractari
1050 4040 1243 4090 deuuieersure.

119 4129 164 4180 est,
179 4127 212 4179 et,
229 4121 248 4169 si
262 4121 325 4170 nihil
339 4120 406 4167 aliud
417 4125 454 4168 est
465 4120 655 4180 nisipruetcrca,
706 4116 838 4177 Suspicor,
852 4117 986 4179 legendum
1001 4133 1067 4175 esse,
1084 4119 1242 4180 quicuduni-

118 4201 235 4249 orationis
253 4198 356 4246 consilio
369 4199 525 4255 adversatur,
540 4197 656 4260 quoniam
705 4208 799 4243 ancum
818 4208 871 4241 rem
893 4195 992 4243 traduci
1011 4197 1105 4244 colem:
1127 4198 1190 4245 sicut
1207 4200 1241 4246 ΙΙ.

118 4279 180 4327 nihil
191 4293 285 4327 novum
292 4290 359 4324 nune
366 4277 524 4338 praecipitur,
539 4277 582 4324 sed
590 4277 656 4337 quod
706 4277 718 4331 1
742 4274 801 4331 135,
823 4287 936 4321 revocare
955 4275 989 4332 ud
1005 4288 1082 4334 penus
1102 4276 1243 4323 11111αηί-

116 4363 184 4406 arcte
198 4357 332 4406 cohaereat
343 4370 399 4403 curn
411 4355 581 4403 antecedente.
600 4357 655 4413 Quo
704 4364 798 4398 nereum
811 4354 937 4399 acturam.

117 4436 191 4484 modo
204 4435 268 4483 haec
283 4433 341 4482 vitia
355 4434 502 4496 corrigenda
513 4433 570 4490 sint,
584 4446 655 4494 pror·
738 4431 826 4492 quitus
845 4431 897 4488 uti,
919 4430 1072 4493 confirmatis
1085 4431 1241 4488 criminibus,

99 4535 102 4542 ¹
117 4529 157 4562 sus
169 4514 233 4562 nihil
239 4513 326 4561 video:
342 4511 581 4561 necmihisatisfacit
590 4512 654 4570 Kay-
704 4508 809 4567 oportet.
828 4508 915 4568 Aptius
928 4509 983 4565 erit,
998 4508 1082 4565 credo,
1094 4508 1241 4570 confirmau-

116 4594 162 4640 seri
176 4592 294 4654 euspicio,
310 4591 351 4652 qni
366 4590 455 4652 corrigi
469 4589 577 4647 volebat,
594 4604 655 4650 quac
705 4589 750 4634 dia.

1014 4676 1044 4721 21
