3242 5500
1163 535 1234 603 329

435 551 549 600 arana
574 552 745 600 ruamus
775 535 792 614 ἓ
822 534 901 602 124.

108 725 143 794 in
181 747 265 809 suo,
305 723 406 794 facile
443 723 646 820 suppeditat
674 725 789 795 omnis
814 732 1001 820 apparatus
1024 733 1237 821 ornatusque

108 832 260 905 dicendi.
309 833 441 904 Rerum
474 834 568 904 enim
605 833 705 928 copia
726 832 910 905 verborum
940 835 1075 929 copiam
1098 835 1233 929 gignit:
1262 870 1308 914 125

108 952 163 1028 et,
201 943 231 1013 si
267 952 320 1014 est
353 941 515 1014 honestas
550 944 586 1013 in
607 942 713 1014 rebus
734 943 840 1038 ipsis,
869 943 912 1015 de
935 943 1064 1038 quibus
1086 943 1234 1029 dicitur,

108 1052 245 1124 exsistit
274 1047 333 1145 [ex
355 1047 576 1145 rei]·natura
599 1051 743 1145 quidam
773 1052 939 1148 splendor
964 1053 1000 1124 in
1026 1052 1157 1125 verbis:
1191 1053 1236 1124 sit

108 1161 214 1232 modo
251 1161 303 1246 is,
341 1161 404 1255 qui
440 1160 533 1232 dicet
568 1169 629 1232 aut
663 1160 812 1246 scribet,
840 1161 1024 1233 institutus
1048 1161 1238 1234 liberaliter

109 1269 316 1342 educatione
350 1269 579 1365 doctrinaque
611 1270 759 1365 puerili,
787 1279 822 1342 et
845 1271 968 1365 flagret
993 1271 1130 1357 studi0,
1158 1279 1193 1344 et
1217 1297 1237 1344 a

107 1388 236 1452 natura
249 1373 254 1378 ’
268 1379 471 1464 adiuvetur,
507 1387 542 1450 et
567 1381 604 1449 iu
629 1379 870 1450 universorum
894 1403 1062 1474 generum
1087 1381 1237 1454 infinitis

107 1488 425 1584 disceptationibus
449 1489 659 1560 exercitatus
685 1488 923 1560 ornatissimos
952 1489 1134 1585 scriptores
1160 1516 1236 1562 ora-

107 1608 273 1692 toresque
317 1597 362 1669 ad
407 1597 690 1692 cognoscendum
732 1597 1016 1693 imitandumque
1052 1598 1238 1695 delegerit3

111 1733 178 1780 nae
209 1708 271 1779 ille
295 1706 391 1778 haud
416 1731 519 1792 sane,
546 1706 845 1802 quemadmodum
870 1706 974 1778 verba
999 1718 1111 1782 struat
1136 1719 1170 1782 et
1195 1711 1236 1782 il·

112 1819 283 1903 luminet,
323 1841 343 1888 a
370 1816 546 1912 magistris
569 1815 646 1888 istis
668 1815 840 1911 requiret:
867 1816 915 1887 ita
934 1816 1034 1888 facile
1059 1819 1094 1889 in
1120 1845 1236 1892 rerum

112 1925 331 1998 abundantia
355 1925 400 1996 ad
424 1925 592 1998 orationis
617 1933 822 1996 ornamenta
851 1919 960 2019 [sine]
991 1927 1079 2000 duce
1112 1937 1237 2002 natura

112 2036 209 2132 ipsa,
238 2035 268 2106 si
292 2035 396 2107 modo
421 2043 475 2107 est
503 2029 744 2130 [exercitata],
771 2033 990 2106 excitabitur.

160 2143 234 2216 Hic
271 2145 439 2231 Catulus,
474 2144 537 2216 Dii
564 2144 800 2227 immortales,
827 2143 963 2238 inquit,
991 2155 1159 2240 quantam
1183 2173 1235 2220 re·
1264 2177 1309 2243 333

111 2278 191 2325 rum
240 2254 462 2338 varietatem,
514 2261 683 2348 quantam
730 2252 821 2337 vim,
866 2260 1035 2347 quantam
1079 2257 1310 2352 copiam,12ss

112 2363 258 2448 Crasse,
296 2363 499 2459 complexus
532 2387 588 2448 ea,
626 2362 839 2458 quantisque
862 2385 903 2432 ex
927 2364 1100 2456 augustiis
1123 2373 1235 2437 orato-

111 2496 185 2542 rem
218 2471 367 2543 educere
401 2496 507 2543 ausus
543 2495 598 2557 es,
636 2480 669 2541 et
704 2471 741 2542 in
765 2471 937 2542 maiorum
964 2496 1106 2544 suorum
1127 2499 1237 2570 regno

111 2581 299 2654 collocare!
351 2582 515 2677 Namque
545 2580 624 2652 illos
661 2587 794 2651 veteres
820 2579 978 2651 doctores
1011 2591 1237 2680 auctoresque

111 2691 254 2763 dicendi
277 2690 416 2762 nullum
433 2715 546 2787 genus
565 2689 815 2785 disputationis
833 2713 853 2759 a
871 2713 907 2761 se
925 2689 1077 2764 alienum
1096 2701 1237 2789 putasse

110 2803 332 2897 accepimus,
371 2824 578 2895 semperque
613 2824 689 2871 esse
723 2800 760 2870 in
792 2798 889 2868 omni
914 2800 1078 2873 orationis
1103 2804 1238 2875 ratione

110 2921 284 2983 versatos:
323 2936 365 2981 ex
398 2909 528 3006 quibus
563 2910 671 2981 Eleus
699 2907 871 3003 Hippias,
898 2932 1009 3001 quum
1035 2910 1237 3007 Olympiam
1264 2949 1310 2999 127

109 3238 240 3285 cointium
267 3234 380 3297 pluribus
407 3236 504 3283 ornavit
525 3237 605 3298 Legg.
628 3237 649 3283 l.
700 3239 748 3282 est:
763 3234 981 3307 decemoctorum
996 3236 1239 3298 opponitmayiatrir

111 3318 180 3373 §62
700 3311 764 3357 ielis.

145 3395 201 3440 124.
221 3391 591 3452 indoeiyiturtanto-eampo.
600 3393 648 3439 Re·

110 3471 146 3519 dit
168 3484 239 3517 nnnc
259 3470 291 3515 ud
312 3484 356 3526 ea,
378 3483 440 3529 quae
461 3470 556 3517 dixerat
576 3472 650 3527 §93,

109 3563 195 3595 reram
215 3551 254 3595 ert
270 3549 332 3596 silva
344 3562 444 3610 moqed,
464 3548 529 3595 unde
543 3548 650 3595 deflexe-

108 3633 162 3675 rat..

146 3707 203 3753 125.
222 3705 324 3751 exsistit
340 3705 385 3765 [er
392 3705 442 3765 rei]
453 3707 545 3751 natura
552 3703 652 3765 quidam

109 3784 226 3844 splendor
241 3784 268 3829 ia
281 3784 368 3830 verbis.
402 3782 452 3831 Alii
466 3782 522 3830 libri
530 3816 537 3840 ‚
552 3783 653 3830 exsistit

111 3878 144 3909 ar
164 3876 193 3908 re
214 3860 340 3907 staturalis
360 3875 402 3924 qu.
422 3864 469 3920 apl.
489 3862 515 3908 in
528 3874 549 3907 a.
585 3864 651 3909 Neu-

109 3938 653 4002 trumprobaudum:legendumqueearistit

110 4020 204 4065 nutura
218 4018 318 4078 quidam
333 4019 379 4077 apl.
416 4018 556 4079 Opponitur
569 4020 651 4077 splen·

110 4098 156 4145 dor
168 4099 197 4145 in
211 4098 293 4145 verbis
308 4097 471 4143 herestallio
485 4096 565 4143 rebus.

143 4176 178 4223 ad
193 4174 318 4223 orationis
330 4176 474 4221 ornamenta
487 4201 520 4209 -
533 4175 652 4222 excitabi-

111 4256 162 4301 tur.
199 4252 315 4313 Suscepit
334 4252 399 4299 hane
419 4267 500 4300 meam
521 4252 653 4301 correctio·

110 4347 184 4389 nem,
206 4331 373 4388 radiabitur,
392 4332 525 4391 Kayserus.
559 4331 653 4392 Vulga-

735 3390 790 3436 126.
809 3390 1175 3452 uallumyeaaadispatationis.
1194 3394 1236 3440 u:-

701 3466 819 3523 lendtius,
835 3466 896 3514 vitio
908 3481 1052 3527 operarum,
1067 3473 1170 3530 utputo,
1185 3471 1236 3519 edi·

700 3546 771 3592 derat
784 3546 999 3605 disputationibus.

733 3638 785 3670 ecre
798 3624 825 3669 ia
838 3624 904 3670 omni
918 3624 1037 3671 orationis
1049 3624 1145 3671 ratione
1156 3632 1245 3674 amsa-¹

701 3704 747 3749 tor.
782 3703 815 3749 H.
834 3702 933 3762 quidem
948 3703 966 3748 l.
981 3703 1102 3749 orationis
1115 3705 1180 3752 ratio
1195 3720 1238 3753 ex·

701 3779 788 3842 plicari
801 3794 852 3827 non
866 3784 948 3840 potest
963 3780 1022 3840 quid
1036 3781 1078 3837 sit,
1094 3795 1156 3841 quae
1170 3789 1237 3831 recte

701 3860 841 3920 appellatur
863 3859 888 3906 ΙΙ
909 3862 930 3915 §.
948 3859 1003 3907 185.
1040 3860 1237 3923 Corrigendum,

701 3938 727 3983 in
741 3938 806 3984 omni
820 3937 940 4005 orationis
953 3937 1065 3997 reqione:
1079 3940 1183 3989 contii.
1193 3946 1204 3999 §
1215 3948 1238 3991 5.

737 4015 783 4065 127
787 4052 792 4061 .
812 4029 855 4062 nce
868 4016 946 4062 solum
960 4042 994 4051 —-
1007 4031 1069 4078 quac
1082 4045 1116 4054 -
1127 4020 1238 4069 diceren-

702 4097 753 4142 tur.
772 4095 807 4141 Ut
815 4095 964 4141 constructio
972 4101 1108 4154 constaret,
1118 4099 1240 4159 Kaysarus

702 4170 886 4233 suspicabatur,
901 4177 957 4233 post
964 4173 1108 4221 dicerentur
1121 4175 1239 4224 excidisse

702 4266 729 4298 re
749 4251 840 4297 tenere.
876 4250 998 4310 Equidem
1018 4252 1098 4313 ipsum
1119 4254 1183 4300 scire
1197 4268 1238 4302 co-

703 4328 805 4391 gitando
817 4330 981 4389 repetendum
996 4336 1056 4391 puto
1071 4346 1101 4379 ex
1112 4332 1239 4390 anteced,

109 4419 162 4458 tum
177 4424 253 4466 sane,
269 4411 374 4466 aretur,
390 4408 459 4457 nullo
472 4410 547 4456 modo
554 4408 655 4457 defendi
705 4407 842 4464 iuteresse,
858 4408 923 4469 quod
935 4382 1048 4466 nescirei,
1062 4410 1078 4455 i.
1095 4425 1116 4457 e.
1125 4412 1240 4458 seomnia

110 4494 218 4550 poterat.
257 4487 333 4534 Modo
355 4493 413 4535 ante
435 4488 530 4535 dixerat
551 4488 620 4535 modo
641 4501 656 4532 a
704 4486 775 4533 scire.
794 4512 827 4519 --
841 4486 870 4532 lu
885 4488 933 4533 fine
948 4488 1054 4547 requiro,
1070 4504 1114 4534 sua
1128 4502 1153 4535 se
1166 4504 1240 4536 manu

111 4568 206 4615 nutura
213 4565 356 4613 adiuvetur.
375 4567 447 4622 Tum,
461 4566 514 4613 eine
521 4566 655 4613 delendum
705 4565 847 4624 confecisse.
