3242 5500
449 571 563 619 ruera
589 570 758 619 nunnius
787 554 804 633 §
832 553 888 624 78.
1163 554 1232 623 309

109 752 273 817 nostrum
308 746 489 845 versatus?
528 743 627 820 Quid
662 751 735 829 est,
775 744 872 839 quod
895 753 957 817 out
983 747 1076 817 Sext.
1128 745 1232 816 Pom-

109 855 234 951 peius,
262 861 322 924 aut
347 853 417 924 duo
439 852 564 938 Balbi,
591 860 650 925 out
672 877 772 925 meus
796 853 950 940 amicus,
977 855 1141 950 quicum
1166 854 1231 925 Pa·

110 964 229 1036 naetio
256 963 359 1049 vixit,
386 962 437 1034 M.
465 961 657 1058 Vigellius,
685 962 729 1034 de
751 963 882 1034 virtute
910 958 1087 1058 [homines
1106 958 1230 1058 Stoici]

110 1073 251 1169 possint
286 1072 420 1158 dicere,
458 1096 527 1167 qua
562 1072 599 1143 in
634 1072 873 1167 disputatione
907 1097 973 1168 ego
1006 1071 1061 1144 his
1086 1071 1234 1143 debeam

111 1192 173 1254 aut
196 1191 352 1254 vestrum
377 1183 564 1278 quisquam
587 1181 801 1253 concedere?
828 1182 910 1253 Non
933 1190 985 1254 est
1007 1182 1101 1254 enim
1119 1181 1232 1277 philo·
1259 1212 1290 1261 es

112 1291 237 1387 sophia
268 1291 393 1363 similis
415 1292 544 1363 artium
568 1290 793 1387 reliquarum.
842 1292 877 1361 N
879 1313 935 1363 am
961 1290 1048 1387 quid
1070 1292 1172 1362 faciat
1196 1292 1233 1362 in

112 1402 326 1495 geometria,
363 1401 424 1497 qui
459 1425 529 1473 non
568 1400 754 1473 didicerit?
788 1399 875 1495 quid
907 1400 944 1471 iu
977 1401 1147 1472 musicis?
1172 1407 1234 1471 aut

112 1518 227 1583 taceat
254 1510 451 1606 oportebit,
478 1518 539 1582 aut
562 1534 607 1581 ne
632 1534 737 1581 sanus
762 1509 907 1605 quidem
928 1510 1122 1583 iudicetur:
1149 1509 1235 1580 haec

112 1644 213 1707 vere,
250 1644 339 1714 quac
374 1628 456 1691 sunt
485 1622 522 1690 in
547 1618 790 1715 philosophia,
816 1619 970 1714 ingeniis
995 1629 1167 1692 eruuntur
1190 1616 1235 1689 ad

112 1730 166 1816 id,
194 1729 290 1827 quod
307 1730 344 1800 in
368 1754 507 1825 quoque
529 1729 717 1800 verisimile
736 1736 804 1814 est,
830 1729 1040 1801 eliciendum
1057 1728 1169 1801 acutis
1182 1735 1235 1799 at·

113 1863 182 1934 que
213 1837 373 1923 acribus,
399 1861 508 1934 eaque
531 1838 717 1910 exercitata
740 1839 896 1910 oratione
920 1838 1112 1932 poliuntur.
1165 1835 1237 1908 Hie

113 1955 233 2020 noster
277 1941 446 2041 [vulgaris
488 1941 633 2042 orator],
679 1947 708 2018 si
750 1947 868 2018 minus
902 1948 968 2019 erit
1001 1947 1146 2033 doctus,
1185 1953 1235 2017 at·

112 2067 232 2129 tamen
269 2056 305 2128 in
342 2054 490 2127 dicendo
526 2056 755 2142 exercitatus,
795 2055 859 2127 hac
892 2058 968 2151 ipse
992 2056 1237 2129 exercitatione

113 2164 293 2238 communi
335 2166 419 2238 istos
462 2165 606 2261 quidem
643 2164 858 2251 verberabit,
895 2190 1010 2261 neque
1043 2190 1079 2238 se
1115 2165 1159 2237 ab
1193 2166 1237 2237 iis

112 2274 292 2348 contemni
329 2299 368 2345 ec
406 2274 538 2370 despici
577 2275 679 2346 sinet.
733 2275 794 2345 Sin
825 2274 952 2370 aliquis
975 2275 1149 2347 exstiterit
1173 2275 1236 2346 ali·
1264 2311 1295 2357 30

112 2383 272 2481 quande,
321 2383 383 2478 qui
417 2383 620 2455 Aristotelio
657 2406 753 2453 more
788 2382 832 2453 de
866 2382 1030 2455 omnibus
1062 2383 1166 2455 rebus
1197 2385 1234 2455 in

110 2504 298 2588 utramque
320 2500 456 2589 partem
481 2493 591 2587 possit
616 2492 749 2578 dicere,
777 2500 812 2564 et
837 2493 874 2563 in
900 2493 997 2565 omui
1022 2517 1126 2565 causa
1148 2493 1235 2565 duas

111 2603 302 2676 contrarias
335 2596 531 2687 orationes,
568 2602 760 2697 praeceptis
794 2601 890 2673 illius
922 2602 1092 2697 cognitis,
1125 2603 1235 2698 expli·

112 2738 203 2800 care,
222 2720 295 2798 aut,
315 2710 380 2782 hoc
397 2709 573 2782 Arcesilae
591 2711 695 2783 modo
713 2718 748 2782 et
762 2708 965 2797 Carneadis,
984 2719 1234 2798 contraeunte,

113 2823 210 2920 quod
233 2821 451 2919 propositum
475 2821 538 2906 sit,
566 2820 731 2906 disserat3
755 2821 886 2916 quique
908 2821 954 2894 ad
970 2844 1046 2893 eam
1064 2823 1235 2899 rationem

110 3001 410 3016 ...-.-------

113 3114 160 3167 cat,
175 3107 312 3156 oraticnem
326 3104 429 3153 hominia
436 3107 495 3152 heae
502 3106 636 3153 eremitati
641 3123 650 3159 ,·
700 3103 769 3153 libris
783 3104 934 3152 inculcatum
947 3105 1116 3168 postqutdem,
1130 3105 1236 3168 utinep-

112 3200 194 3249 neque
221 3186 332 3245 Kaysero
360 3183 548 3230 concedendum
571 3187 666 3231 totum
700 3189 753 3232 tum
768 3183 850 3232 omisi:
866 3184 910 3232 sed
924 3183 1236 3245 septilosopttoequidem,

113 3266 160 3314 hoc
177 3263 345 3312 obiiciendum
362 3275 423 3310 esse.
448 3261 515 3308 Ferri
529 3275 587 3310 sane
601 3275 651 3308 uon
701 3261 845 3310 ePideritio
853 3262 1033 3324 excogitatum,
1045 3261 1151 3323 probare
1158 3263 1237 3324 potui.

112 3348 195 3406 potest
208 3342 289 3391 oratio
302 3341 426 3387 eoeerea'tat
443 3375 449 3386 .
484 3340 585 3400 Duplex
598 3341 652 3388 offi·
701 3341 791 3398 Modo,
805 3340 924 3388 communi
931 3341 1077 3388 mutandum
1085 3341 1111 3388 in
1117 3342 1237 3389 munitus.

113 3423 179 3470 cium
197 3435 253 3468 cum
267 3417 460 3481 philosophandi
475 3433 577 3466 munere
592 3431 651 3465 con·
735 3421 775 3467 80.
784 3418 1158 3481 adiuapatiune[rlretoricum]
1167 3435 1238 3467 urum

113 3501 226 3548 iunctum
240 3497 360 3559 explicat,
375 3496 498 3557 primum,
516 3496 569 3544 veri
581 3495 651 3543 inve·
704 3498 866 3559 [moremque]
878 3497 1127 3558 exercitationemque
1133 3498 1239 3546 dicendi.

113 3578 212 3634 niendi,
226 3582 293 3634 tum,
307 3575 384 3636 ipsius
397 3575 492 3623 inventi
500 3573 652 3632 enuntiandi,
702 3575 806 3624 Insititie
827 3575 870 3622 ille
890 3573 1026 3622 Lambinus
1042 3575 1092 3622 iam
1105 3575 1239 3624 damnave-

114 3673 162 3719 quo
170 3655 279 3718 speciem
288 3653 418 3715 quamdam
428 3653 540 3715 accipiat,
553 3653 579 3700 id
587 3652 653 3713 quod
702 3658 752 3701 rat:
780 3653 857 3702 secuti
885 3658 943 3700 sunt
969 3653 1096 3701 novissimi
1115 3653 1238 3702 Editores.

109 3731 444 3798 potiendiverboindieatur.
461 3732 602 3794 corrigam,
613 3745 653 3778 ea·
703 3735 789 3792 Neque
810 3746 869 3778 aeus
885 3732 1034 3789 rhetoricus,
1049 3746 1130 3792 neque
1143 3734 1239 3780 caerei-

115 3828 162 3875 que
174 3812 356 3861 eaereitatione
364 3811 507 3870 poti-untur:
523 3805 574 3856 e'am
582 3821 654 3856 ener-
705 3811 767 3858 tatio
793 3810 917 3857 rhetorica
939 3809 1042 3872 eogitari
1061 3814 1150 3870 potest.
1192 3809 1241 3858 Hic

116 3893 259 3940 citationem
272 3889 345 3946 dicit,
360 3889 413 3936 scil.
427 3887 548 3937 eliciendi.
703 3905 770 3946 asur,
785 3889 801 3936 i.
817 3903 840 3936 e.
854 3903 903 3948 quo
918 3902 962 3935 nos
976 3902 1069 3945 sumus,
1083 3889 1239 3937 eforocom-

148 3971 189 4018 tie
196 3971 280 4016 noster
290 3967 409 4030 [caparis
416 3966 524 4027 orator}
542 3967 655 4014 Duorum
703 3973 819 4029 paratus,
841 3966 907 4026 quod
926 3966 1007 4027 ipsum
1027 3967 1113 4027 putide
1131 3967 1239 4029 explice-

115 4053 298 4112 postremorum
331 4044 464 4094 verborum
498 4044 655 4092 menifestum
703 4042 1240 4108 returessumtoforenaem,eMadvigiicon·

116 4127 240 4177 emblema
257 4131 302 4174 est.
328 4123 445 4188 Valparia
458 4138 515 4172 cum
529 4126 656 4170 contemtu
703 4124 805 4171 iectura.
840 4123 903 4179 Sed,
922 4122 985 4170 sicut
997 4137 1069 4170 urum
1081 4124 1175 4183 afferre
1187 4123 1241 4185 quis

116 4207 222 4267 quodem
235 4204 404 4265 appellantur:
420 4216 500 4262 neque
508 4215 574 4248 nunc
582 4201 654 4249 Cras·
704 4206 799 4263 potest,
825 4217 917 4248 morem
936 4215 987 4248 non
1007 4205 1096 4262 potest.
1138 4203 1241 4250 Prorsus

116 4299 156 4333 sus
176 4289 300 4332 oratorem
316 4282 347 4328 de
361 4283 437 4344 vulgo
451 4279 581 4342 intelligit,
596 4277 654 4335 sed,
704 4281 800 4328 diversa
820 4280 941 4327 sententia
954 4280 1000 4328 ista
1012 4280 1149 4342 iunguntur
1161 4280 1240 4337 infre,

116 4369 143 4410 ut
156 4363 245 4419 modo,
268 4365 280 4419 ξ
294 4362 337 4416 78,
357 4359 522 4420 compitisque
535 4357 655 4413 nostrum,
705 4364 717 4418 ξ
739 4360 784 4415 95,
805 4358 839 4405 ad
855 4361 966 4406 acetrum
979 4358 1009 4422 (i.
1024 4373 1046 4406 e.
1061 4358 1241 4422 Romanorum)

116 4448 141 4490 et
154 4457 196 4506 epo
210 4443 256 4488 aut
269 4440 378 4489 vestrum
392 4439 534 4500 quaquam,
548 4436 656 4484 itenunc
705 4453 776 4485 urum
789 4450 935 4498 moremque.

116 4537 166 4569 non
180 4520 226 4568 nisi
241 4517 281 4566 tic
295 4517 379 4564 noster
393 4517 462 4564 dixit.
738 4518 760 4563 is
781 4517 831 4563 erit
851 4529 930 4564 verere
965 4515 1038 4573 Quod
1051 4515 1241 4563 commendave-

148 4602 208 4648 istoe
223 4597 322 4660 quidem
336 4596 479 4645 verberabit.
503 4592 656 4652 Nostroa,in
705 4610 772 4653 ram,
789 4593 1040 4654 suscepitKayserus.
1076 4592 1244 4660 librifico&
