3242 5500
888 583 1113 632 LIBER
1168 582 1505 630 Triarius.
1566 563 1599 642 §
1656 562 1817 632 165.
2338 561 2476 628 345

249 775 386 822 esse
431 751 782 838 videatur,
838 755 1215 826 mollienda
1262 762 1364 825 est
1413 753 1809 849 praeposito
1857 777 2061 848 saepe
2101 751 2308 823 verbo
2332 786 2348 838 3
2401 760 2484 823 ut

249 861 300 931 si
364 860 571 945 olim,
649 861 751 934 M.
833 863 1101 935 Catone
1174 870 1488 948 mortu0,
1558 861 1910 956 pupillum
1963 870 2281 934 senatum
2325 864 2484 957 quis

245 969 556 1041 relictum
617 971 912 1058 diceret,
966 973 1175 1067 paulo
1226 972 1509 1056 durius3
1566 971 1674 1042 sin
1697 1030 1714 1056 ,
1765 983 1845 1044 ut
1882 971 1988 1044 ita
2034 971 2264 1044 dicam
2288 1031 2305 1056 ‚
2349 997 2485 1065 pu-

239 1078 521 1173 pillum,
574 1079 935 1175 aliquanto
987 1082 1248 1153 mitius
1333 1081 1619 1153 Etenim
1668 1081 2058 1152 verecunda
2093 1080 2302 1152 debet
2339 1104 2488 1152 esse

248 1189 637 1273 translatio,
706 1193 785 1260 ut
843 1190 1145 1262 deducta
1195 1214 1344 1260 esse
1394 1190 1469 1261 in
1516 1189 1826 1260 alienum
1876 1189 2146 1276 locum,
2201 1213 2342 1260 non
2393 1190 2484 1260 ir-

244 1299 548 1393 rupisse,
624 1305 836 1393 atque
901 1307 982 1371 ut
1031 1299 1380 1394 precariO,
1458 1323 1599 1369 non
1651 1299 1756 1383 vi,
1826 1299 2097 1370 venisse
2143 1299 2481 1370 videatur.

245 1406 495 1478 Modus
547 1416 783 1478 autem
828 1408 1066 1479 nullus
1114 1416 1217 1479 est
1273 1407 1633 1478 florentior
1692 1403 1797 1501 [in
1845 1407 2142 1502 singulis
2191 1404 2484 1503 verbis]‚
2540 1427 2632 1472 166

245 1540 363 1587 nec
412 1517 537 1610 qui
587 1517 747 1610 plus
797 1517 1085 1589 luminis
1128 1517 1370 1588 afferat
1414 1515 1748 1587 orationi:
1804 1540 1969 1587 nam
2021 1517 2200 1588 illud
2226 1576 2242 1603 ,
2296 1517 2487 1611 quod

246 1649 322 1695 ex
367 1625 499 1696 hoc
544 1650 799 1720 genere
843 1627 1174 1722 profluit,
1229 1650 1372 1696 non
1419 1632 1521 1696 est
1564 1625 1638 1695 in
1688 1649 1831 1695 uno
1879 1625 2088 1696 verbo
2123 1627 2484 1712 translatO,

246 1733 359 1804 sed
407 1758 494 1806 ex
537 1732 861 1829 pluribus
905 1735 1328 1806 continuatis
1376 1733 1852 1818 connectitur,
1918 1742 1998 1805 ut
2051 1734 2245 1806 aliud
2300 1736 2484 1806 dica-

245 1850 352 1913 tur
375 1901 392 1927 ,
444 1842 641 1914 aliud
689 1842 1233 1937 intelligendum
1282 1844 1407 1915 sit:

918 2037 1128 2108 neque
1175 2037 1281 2084 me
1313 2011 1565 2106 patiar

334 2121 585 2194 iterum
630 2121 727 2194 ad
769 2146 988 2194 unum
1036 2121 1389 2217 scopulum
1404 2181 1421 2206 ‚
1468 2134 1547 2193 ut
1596 2119 1761 2194 olim
1799 2121 2082 2196 classem
2125 2122 2452 2198 Achivam
2470 2185 2487 2211 ,

426 2228 781 2324 offendere.

244 2411 447 2498 atque
492 2401 674 2474 illud
699 2460 715 2485 ,

334 2583 561 2642 errem,
614 2582 807 2630 erras
826 2587 847 2630 .·
901 2583 1067 2630 nam
1107 2557 1561 2630 eoesultantem
1609 2570 1672 2630 te
1715 2570 1780 2630 et
1827 2557 2323 2653 praefidentem
2370 2563 2495 2636 tibi

335 2668 717 2765 repriment
784 2668 1052 2741 validae
1120 2668 1341 2767 lequm
1400 2667 1696 2741 habenae
1715 2725 1730 2752 ‚
1795 2682 1999 2765 atque
2071 2669 2323 2766 imperi
2388 2672 2493 2745 in-

436 2778 684 2851 sistent
730 2777 930 2875 iuqos

249 2947 477 3011 sumta
550 2961 624 3007 re
698 2935 948 3020 simili,
1022 2935 1231 3007 verba
1302 2936 1479 3007 eius<
1521 2937 1621 3007 rei
1695 2936 1973 3031 propria
2041 2936 2369 3034 deinceps
2417 2940 2499 3023 in,

246 3074 387 3121 rem
463 3046 697 3128 aliam,
749 3049 855 3130 (ut
923 3044 1098 3132 dixi)
1164 3046 1702 3117 transferuntur.
1805 3046 1934 3116 Est
1983 3044 2112 3117 hoc
2156 3070 2494 3142 magnum

247 3164 742 3229 ornamentum
797 3154 1169 3241 orationiS,
1238 3155 1310 3226 in
1364 3179 1504 3250 quo
1552 3155 1940 3227 obscuritas
1987 3156 2324 3250 fugienda
2367 3161 2489 3230 est'.

2546 2965 2636 3015 167

2544 3069 2637 3137 42-

246 3417 395 3467 verba
423 3419 517 3465 illa
546 3418 718 3465 modus
744 3416 909 3463 autem
937 3419 1102 3464 nullus
1126 3416 1325 3464 —ideo

248 3512 343 3545 non
364 3511 516 3558 posse
532 3494 705 3543 referri
722 3494 785 3541 ad
798 3494 1156 3555 metaphoram,
1175 3495 1324 3556 quod,

249 3591 370 3636 quae
398 3574 557 3622 modo
584 3573 917 3634 praecedunt,
946 3572 1146 3621 minime
1170 3572 1324 3621 conti-

1424 3431 1589 3473 mum,
1633 3416 1674 3463 si
1707 3430 1808 3463 uno
1834 3414 1989 3464 verbo
2018 3417 2336 3465 conficiatur?
2408 3419 2496 3468 His

1423 3493 1652 3543 omnibus
1693 3494 1755 3541 de
1795 3494 1954 3541 causis
1994 3509 2128 3541 nunc
2167 3496 2314 3543 etiam
2355 3502 2497 3545 tueor

1426 3587 1587 3620 meam
1612 3571 1946 3620 coniecturam
1963 3607 1976 3629 ,
2005 3574 2170 3620 locum
2198 3573 2268 3621 sic
2297 3579 2347 3622 et
2374 3590 2494 3623 con-

248 3659 367 3703 nent
398 3652 743 3701 translationis
772 3651 1175 3712 descriptionem:
1207 3666 1327 3699 con-

247 3738 353 3790 tra,
396 3737 565 3787 recte,
597 3734 621 3788 §
656 3730 748 3778 167
764 3765 776 3785 ,
807 3735 919 3790 post
948 3735 1331 3777 commemorata

249 3810 521 3873 allegoriae
557 3809 813 3868 exempla,
857 3808 1020 3856 statim
1049 3808 1228 3856 dicitur
1250 3799 1332 3856 ’631

250 3889 334 3935 hoc
358 3902 597 3948 maynum
624 3888 964 3933 ornamentum
990 3886 1246 3943 orationis,
1284 3890 1333 3933 et

250 3969 421 4014 modus·
448 3967 558 4023 hic,
593 3970 852 4025 totumque
880 3964 977 4011 hoc
1004 3965 1066 4012 de
1094 3964 1333 4026 allegoria

251 4045 488 4093 concludi
517 4043 566 4090 in
593 4042 759 4091 verbis
782 4044 836 4090 in
848 4044 1213 4091 continuatione
1226 4056 1333 4090 ver-

252 4125 437 4173 borum.
514 4124 641 4169 Tum
658 4156 671 4179 ‚
700 4120 873 4168 modus·
898 4121 1062 4168 autem
1090 4121 1335 4168 nullus-

251 4202 317 4249 ita
372 4201 477 4249 dici
531 4213 733 4247 necesse
775 4203 875 4256 est,
919 4203 975 4247 ut
1014 4197 1334 4247 subaudiatur

254 4280 549 4336 Genitivu8,
592 4282 643 4325 et
683 4281 739 4325 ut
763 4279 931 4338 plures
957 4278 1054 4325 iam
1083 4277 1217 4325 modi
1246 4277 1333 4324 de-

253 4358 425 4419 scripti
468 4357 570 4405 sint
587 4391 599 4412 ,
639 4354 815 4416 quibus
844 4370 971 4403 unus
998 4359 1127 4403 esset
1152 4356 1333 4402 floren-

1426 3651 1746 3707 stituendum‚
1776 3656 1826 3698 et
1847 3650 2155 3712 iungendum
2170 3666 2298 3700 esse:
2327 3655 2498 3701 modu-9

1426 3728 1592 3775 autem
1618 3728 1784 3773 nullus
1808 3729 1885 3774 est
1896 3727 2164 3788 florentior
2196 3729 2274 3789 [in
2295 3730 2502 3792 sinyulis

1426 3805 1630 3865 verbis],
1672 3818 1761 3851 nec
1800 3806 1885 3866 qui
1915 3806 2038 3865 plus·
2078 3808 2279 3854 lumini-s·
2316 3809 2500 3869 afferat

1426 3884 1683 3941 orationi,
1710 3898 1856 3944 quam
1881 3884 2032 3941 illud,
2062 3886 2192 3945 quod
2216 3900 2279 3932 ex
2305 3886 2394 3934 hoc
2414 3903 2497 3950 qe·

1428 3975 1546 4009 nere
1586 3961 1719 4024 (scil.
1759 3960 2059 4026 tralationis)
2079 3964 2316 4024 profluit,
2347 3964 2498 4026 quod-

1430 4055 1522 4102 que
1562 4054 1660 4087 non
1697 4040 1772 4087 est
1798 4066 1882 4087 —-.
1915 4041 2048 4088 Vera
2076 4041 2352 4091 Latinitatis
2377 4043 2502 4091 ratio

1429 4133 1531 4166 non
1563 4118 1663 4166 fert
1687 4118 1870 4167 inserta
1895 4118 1983 4166 illa
2010 4120 2064 4166 in
2086 4120 2294 4180 singulis
2317 4122 2501 4177 verbis,

1432 4210 1557 4257 quae
1592 4198 1732 4243 nulla
1759 4196 1948 4257 syntaxi
1977 4196 2178 4245 defendi
2203 4203 2426 4257 possunt.

1502 4274 1615 4323 167.
1659 4275 1781 4335 [pro
1807 4273 1960 4334 Afris
1985 4276 2060 4322 est
2085 4276 2250 4323 sumta
2270 4275 2502 4337 Africa}

1434 4354 1573 4401 Haec
1626 4354 1851 4401 tollenda
1905 4368 2010 4401 esse
2065 4354 2400 4402 demonstravi
2441 4356 2505 4402 ad

251 4438 363 4485 tior.
437 4436 557 4499 Quo
596 4435 704 4481 iure
744 4439 999 4494 praeterea
1026 4434 1203 4481 dixerit
1230 4433 1337 4494 quis
1434 4432 1556 4479 Orat
1587 4465 1600 4488 ,
1639 4436 1663 4489 ξ
1694 4433 1775 4479 93.

252 4515 575 4563 tralationem
631 4526 737 4560 esse
794 4512 988 4559 mod-am
1033 4512 1335 4573 florentissi-

1500 4509 1589 4556 sed
1612 4510 1823 4556 ornandi
1850 4522 1997 4555 causa
2031 4536 2110 4554 —.
2163 4512 2300 4557 Haec
2327 4505 2504 4558 novam

257 4608 416 4650 mum,
463 4593 498 4638 i.
545 4607 587 4638 e.
634 4590 980 4646 laetissimum,
1028 4596 1111 4637 aut
1146 4588 1333 4637 uberri-
1382 4606 1399 4645 ι’
1434 4587 1726 4634 sententiam
1768 4586 2032 4642 inchoant,
2073 4601 2217 4647 quam
2246 4586 2508 4637 absolvunt
