3242 5500
471 566 584 614 arnna
610 566 800 659 ssucuunus
828 553 846 632 §
872 552 929 619 33.
1186 554 1255 623 133

148 765 255 825 nunc,
291 765 396 835 quem
422 739 467 810 ad
493 739 636 810 modum
662 766 702 812 ea
726 742 981 837 reperirentur,
1007 766 1145 837 possem
1170 744 1267 818 vobis

148 850 330 945 exponere!
359 848 429 920 Sed
454 849 498 920 de
524 873 580 919 me
604 850 740 923 videro:
769 875 864 923 nuno
889 852 955 923 hoc
971 876 1144 947 propono,
1171 856 1267 950 quod

146 958 227 1030 mihi
254 960 431 1053 persuasi,
459 960 628 1056 quamvis
658 984 713 1033 ars
743 984 815 1031 non
841 962 905 1047 sit,
932 969 1051 1033 tamen
1077 961 1166 1033 nihil
1190 987 1265 1035 esse

145 1068 289 1164 perfecto
324 1077 459 1140 oratore
493 1068 713 1163 praeclarius.
768 1070 883 1156 Nam,
920 1080 961 1142 nt
995 1095 1100 1142 usum
1125 1071 1265 1144 dicendi

125 1178 315 1263 emittam,
352 1178 414 1273 qui
447 1178 484 1251 in
517 1179 614 1249 omni
649 1187 772 1274 pacata
797 1188 832 1252 et
857 1179 968 1251 libera
990 1180 1130 1252 civitate
1153 1181 1264 1253 domi-

144 1296 259 1373 natur,
287 1295 384 1361 tanta
404 1286 592 1359 oblectatio
615 1288 726 1360 estin
749 1289 825 1385 ipsa
850 1289 1016 1361 facultate
1040 1290 1201 1377 dicendi,
1222 1300 1262 1364 ut

144 1397 226 1468 nihil
249 1396 434 1469 hominum
457 1406 518 1469 aut
539 1397 682 1469 auribus
695 1458 703 1483 ,
717 1406 778 1470 aut
792 1397 972 1470 mentibus
984 1399 1174 1472 iucundius
1185 1426 1263 1496 per·

142 1506 205 1602 cipi
227 1508 348 1603 possit.
398 1507 471 1583 Qui
494 1508 588 1578 enim
614 1516 738 1580 cantus
763 1509 941 1580 moderata
963 1509 1118 1581 oratione
1131 1509 1265 1583 dulcior
1290 1540 1322 1587 sa

141 1616 283 1687 inveniri
300 1619 439 1713 potest?
465 1616 561 1711 quod
573 1642 714 1689 carmen
728 1617 914 1689 artificiosa
927 1617 1112 1690 verborum
1125 1620 1264 1693 conclu-

140 1725 229 1796 sione
241 1726 382 1821 aptius?
399 1726 567 1821 quiactor
580 1726 769 1813 imitanda,
794 1752 901 1823 quam
914 1735 1031 1799 orator
1043 1728 1264 1824 suscipienda

138 1835 269 1906 veritate
295 1836 503 1907 iucundior?
533 1836 620 1931 quid
649 1846 768 1909 autem
799 1836 981 1923 subtiliuS,
1004 1862 1111 1932 quam
1123 1838 1264 1911 crebrae

137 1952 320 2041 acutaeque
334 1946 552 2017 sententiae?
571 1946 658 2041 quid
671 1945 930 2031 admirabilius
949 1971 1055 2042 quam
1074 1972 1129 2019 res
1145 1948 1260 2044 splen-

137 2052 212 2125 dore
224 2054 397 2125 illustrata
409 2053 619 2127 verborum?>
638 2056 724 2150 quid
735 2056 888 2151 plenius,
906 2081 1013 2152 quam
1026 2057 1122 2128 omni
1135 2082 1262 2152 genere

136 2186 241 2234 rerum
259 2164 439 2236 cumulata
456 2165 590 2236 oratio?
623 2165 748 2260 Neque
771 2164 844 2236 ulla
865 2189 936 2235 non
959 2166 1099 2261 propria
1116 2166 1262 2239 oratoris

136 2296 183 2344 res
218 2281 290 2359 est,
333 2298 423 2369 quae
457 2273 601 2368 quidem
633 2283 754 2347 ornate
784 2273 854 2346 dici
878 2274 1099 2369 graviterque
1121 2274 1258 2348 debeat.

137 2379 244 2454 Huius
269 2384 383 2455 estin
410 2382 526 2454 dando
550 2383 695 2455 consilio
721 2384 764 2455 de
789 2383 951 2455 maximis
974 2382 1078 2454 rebus
1101 2408 1182 2456 cum
1207 2385 1258 2456 di·
1285 2402 1308 2469 9

136 2492 263 2585 gnitate
277 2492 450 2587 explicata
465 2494 656 2579 sententia3
683 2492 841 2564 eiusdem
864 2501 897 2564 et
918 2493 1120 2588 languentis
1137 2494 1259 2590 populi
1284 2525 1316 2575 ar

135 2600 305 2686 incitatiO,
345 2610 380 2673 et
416 2602 577 2675 effrenati
614 2602 827 2674 moderatio:
868 2602 990 2674 eadem
1028 2602 1192 2674 facultate
1224 2613 1260 2676 et

134 2710 221 2782 fraus
244 2710 429 2784 hominum
455 2712 500 2784 ad
529 2712 740 2807 perniciem,
767 2720 802 2784 et
827 2712 1010 2807 integritas
1036 2711 1080 2783 ad
1107 2712 1256 2785 salutem

134 2828 285 2894 vocatur:
328 2823 408 2917 quis
443 2821 614 2894 cohortari
645 2821 690 2892 ad
715 2822 880 2894 virtutem
904 2822 1110 2894 ardentius?
1134 2822 1255 2917 quise

133 2930 217 3002 vitiis
248 2932 363 3004 acrius
394 2932 578 3004 revocare?
603 2932 682 3027 quis
704 2931 900 3025 vituperare
921 2930 1099 3026 improbos
1123 2933 1253 3026 asperi·

133 3040 193 3112 us?
217 3042 296 3136 quis
330 3041 472 3114 laudare
498 3041 613 3113 bonos
632 3041 815 3112 ornatius?
840 3036 919 3135 quis
943 3040 1174 3135 cupiditatem
1196 3065 1253 3111 ve-

132 3148 326 3224 hementius
351 3152 512 3248 frangere
538 3146 765 3248 [accusando]
793 3151 936 3245 potest?
962 3149 1041 3244 quis
1063 3173 1254 3221 moerorem

125 3503 284 3558 pronuntiare
305 3506 359 3560 cst,
380 3502 462 3552 verbis
476 3504 608 3565 complecti
620 3503 661 3562 id,
711 3501 843 3550 scatentia.
861 3501 900 3548 De
913 3511 983 3546 more
996 3496 1118 3560 significat
1129 3496 1253 3559 triplicem

128 3579 190 3636 quod
211 3581 254 3628 vel
275 3581 418 3642 quaerendo
438 3582 599 3644 cognoveris,
620 3583 662 3630 vel
711 3578 832 3628 oratoriae
846 3575 970 3625 facultatis
981 3575 1143 3637 explicandae
1154 3575 1251 3635 locum,

128 3663 203 3706 mente
216 3657 408 3717 deliberaveris,
422 3659 485 3708 siout
498 3665 523 3708 et
533 3659 661 3707 historiam
710 3663 838 3713 senatum,
853 3654 1009 3712 contionem,
1024 3658 1050 3702 et
1061 3653 1161 3701 indicia.
1188 3653 1251 3715 Sed,

124 3739 297 3793 pronuntiare,
325 3740 350 3785 et
369 3737 523 3798 philosophia
537 3738 661 3798 placitum
710 3749 859 3799 quamquam
879 3734 1008 3781 curulium
1028 3733 1089 3780 dare
1107 3732 1139 3780 de
1158 3744 1186 3777 re
1199 3746 1251 3792 pu·

127 3811 217 3873 dicitur,
225 3813 375 3864 observante
383 3816 538 3878 Heusingero
546 3817 577 3863 ad
585 3817 659 3864 Corn.
709 3817 773 3863 blica
785 3818 853 3864 reete
866 3812 893 3860 in
907 3811 1026 3860 senatoris
1040 3823 1143 3859 munere
1149 3810 1251 3872 ponitur

127 3891 221 3952 Nepotis
241 3893 361 3956 fiagmm
383 3899 439 3955 post
451 3894 565 3942 Mallium
578 3894 660 3942 Theo·
708 3893 782 3952 inira,
798 3896 810 3950 5
826 3893 859 3940 43
873 3895 898 3940 et
911 3895 924 3950 ξ
938 3890 987 3940 337
993 3925 1000 3948 ,
1016 3889 1042 3937 h.
1050 3890 1068 3937 l.
1074 3894 1173 3947 tamen,
1187 3903 1250 3950 quo·

126 3967 206 4018 dorum
226 3987 252 4032 p.
275 3974 341 4028 145,
361 3986 397 4034 sq.
413 3976 437 4020 et
453 3973 511 4021 loo:
533 3972 661 4019 moderata
708 3971 775 4019 niam
794 3971 858 4018 illud
876 3969 959 4031 ipsum
972 3969 1110 4016 sententiae
1122 3967 1250 4028 explican-

125 4050 198 4096 oratio
210 4055 293 4099 antem
309 4056 347 4099 est
360 4064 504 4108 numerosa,
520 4063 592 4110 quam
606 4049 660 4110 quis
709 4051 754 4097 dae
773 4048 851 4097 verbo
870 4048 920 4097 iam
940 4046 1092 4105 continetur,
1111 4045 1251 4094 abiicienda

125 4128 658 4186 pronuntiandomoduletnr:ciOrat.§l98.
709 4141 798 4176 censeo
818 4128 895 4182 haec,
917 4128 944 4174 in
964 4125 1044 4173 dando
1064 4127 1179 4182 enuntio,
1194 4125 1249 4172 lan·

154 4219 213 4266 qaae
226 4209 326 4268 quidem
346 4233 380 4242 -
400 4207 494 4255 debent.
533 4207 659 4254 Revocavi
708 4207 782 4268 guida
801 4219 847 4267 per
868 4219 909 4262 se,
925 4219 1079 4265 quorumque
1093 4203 1156 4252 nihil
1169 4202 1249 4251 simile

125 4283 325 4334 Coniunctivum:
340 4286 466 4334 novissimi
480 4286 592 4333 Editores
606 4299 658 4333 ser·
707 4284 734 4331 in
747 4298 816 4344 seqq.
830 4282 972 4331 offenditur.

124 4367 206 4410 verunt
225 4365 349 4422 alterum,
375 4364 454 4412 debet.
489 4364 658 4422 oneratione
744 4362 904 4424 [recusando]
919 4388 954 4396 —
969 4360 1149 4422 [consolando]
1179 4362 1249 4410 Haec

123 4437 247 4488 discrimen
262 4442 428 4501 contineatur,
441 4443 548 4504 explicui
555 4443 657 4491 adSest.
708 4455 805 4503 quoque
819 4440 905 4502 putide
918 4438 1068 4500 interpolata
1080 4441 1146 4485 snnt.

123 4518 134 4570 i
149 4517 205 4574 140,
220 4519 245 4566 in
261 4523 385 4569 Mnemos.
400 4522 447 4570 IX.
461 4536 486 4582 p.
502 4522 564 4578 209,
580 4535 616 4581 sq.
741 4520 891 4566 adsalutem
909 4520 1018 4566 coeatur.
1037 4517 1125 4577 Supra,
1141 4517 1162 4563 l.
1177 4520 1190 4574 ς
1205 4518 1243 4573 32,

152 4597 189 4643 35.
208 4597 281 4646 tuine
302 4601 340 4646 est
361 4601 387 4647 in
405 4601 485 4648 doado
506 4599 604 4649 consilto
624 4627 657 4634 -
707 4596 834 4646 dicebatur
852 4596 1039 4645 carenacum.
