3242 5500
449 554 563 602 mann
589 554 738 603 narnus.
767 537 784 616 5
812 536 892 604 123.
1190 538 1235 607 53

116 729 162 800 ita
184 751 254 798 non
279 726 433 809 iniuria,
459 725 749 821 quotiescumque
770 724 950 812 dicerent,
977 727 1038 812 id,
1061 726 1230 822 quodali·

117 835 251 932 quando
294 842 412 931 posset
451 834 629 919 accidere,
674 858 719 905 ne
760 840 837 906 tum
877 835 1048 908 accideret
1084 836 1229 909 timere:

116 945 218 1016 altera
254 952 307 1016 est
342 944 450 1030 haec,
488 944 532 1016 de
568 968 638 1038 qua
663 944 762 1039 queri
787 967 890 1039 saepe
914 945 1032 1031 sulec,
1058 945 1154 1040 quod
1177 970 1231 1017 ce·
1259 969 1305 1016 124

117 1062 264 1125 terarum
284 1052 443 1125 homines
467 1053 597 1125 artium
622 1053 769 1148 spectati
793 1063 830 1125 et
853 1054 1015 1150 probati,
1043 1054 1232 1149 siquando

117 1162 245 1258 aliquid
281 1163 399 1234 miuus
436 1162 526 1235 bene
562 1162 743 1247 fecerunt,
780 1187 887 1257 quam
920 1164 1057 1250 solent,
1083 1172 1145 1235 aut
1168 1188 1230 1234 no-

117 1272 241 1357 luisse,
276 1281 338 1344 aut
369 1271 569 1345 valetudine
598 1270 759 1367 impediti
784 1296 856 1343 non
883 1273 1040 1368 potuisse
1064 1273 1232 1367 consequi

117 1381 171 1467 id,
204 1381 296 1476 quod
332 1382 479 1467 scireut,
515 1386 704 1476 putantur:
740 1380 886 1468 Noluit,
912 1381 1102 1476 inquiunt,
1128 1380 1233 1453 hodie

118 1514 213 1586 agere
245 1490 414 1575 Roscius;
446 1497 528 1575 aut,
568 1489 719 1593 OQP
747 1488 834 1562 fuit:
862 1490 1007 1562 cratoris
1029 1497 1231 1586 peccatum,
1266 1470 1471 1568 ‘Ow'⁹‘''“‘³
1487 1472 1587 1530 ΝΜ

120 1599 257 1694 siquod
282 1608 336 1671 est
360 1598 659 1683 animadversum,
683 1599 854 1671 stultitiae
875 1606 1057 1695 peccatum
1077 1598 1231 1671 videtur:
1292 1579 1378 1663 ‘'l‘'
1392 1583 1433 1654 sta
1452 1581 1587 1648 (ΜΝ

120 1708 261 1781 stultitia
298 1716 416 1780 autem
453 1706 713 1779 excusationem
748 1732 820 1778 non
853 1707 979 1794 habet;
1014 1708 1098 1803 quia
1129 1732 1233 1780 nemo
1259 1735 1305 1782 125
1324 1701 1462 1789 cameli
1492 1693 1587 1771 tlo'w

119 1818 265 1903 videtur,
292 1825 354 1888 aut
376 1816 459 1913 quia
482 1816 611 1888 crudus
633 1815 759 1903 fuerit,
781 1825 843 1889 aut
863 1816 960 1913 quod
980 1817 1029 1889 ita
1049 1818 1231 1903 maluerit,
1300 1803 1444 1913 suf*

120 1926 241 1998 stultus
265 1927 386 1999 fuisse.
440 1926 521 2001 Quo
546 1925 650 1997 etiam
672 1927 814 2021 gravius
834 1926 1005 1998 iudicium
1026 1926 1063 1998 in
1084 1927 1232 1999 dicendo

120 2034 286 2108 subimus:
325 2036 462 2130 quoties
499 2035 593 2126 enim
622 2034 791 2122 dicimus,
817 2037 921 2122 toties
946 2035 990 2107 de
1013 2035 1114 2107 nobis
1139 2035 1231 2108 iudi-

119 2152 226 2217 catur:
262 2152 315 2230 et,
350 2145 412 2240 qui
444 2145 551 2216 semel
575 2144 611 2215 in
637 2151 741 2238 gestu
768 2144 943 2240 peccavit,
969 2168 1040 2215 non
1065 2146 1232 2217 continuo

119 2254 332 2326 existimatur
366 2253 500 2325 nescire
535 2261 694 2348 gestum,
732 2253 833 2325 cuius
865 2260 981 2324 autem
1014 2254 1051 2324 in
1084 2253 1232 2326 dicendo

119 2363 243 2457 aliquid
275 2362 526 2457 reprehensum
556 2370 630 2448 est,
658 2369 718 2433 aut
743 2369 884 2460 aeterna
907 2362 944 2433 in
971 2386 1031 2448 e0,
1057 2371 1119 2434 aut
1142 2371 1233 2436 certe

120 2471 277 2543 diuturna
301 2472 394 2543 valet
418 2471 536 2568 opinio
562 2470 745 2543 tarditatis.

163 2580 253 2652 Illud
290 2605 391 2666 vero,
427 2579 523 2676 quod
554 2605 574 2651 a
606 2588 642 2651 te
671 2580 900 2666 dictumest,
939 2605 1014 2652 esse
1038 2581 1232 2676 permulta,
1260 2597 1305 2666 23

121 2714 202 2785 quae
225 2698 342 2764 orator
366 2690 435 2763 nisi
459 2688 602 2762 haberet
627 2713 647 2761 a
671 2697 816 2776 natura,
842 2713 913 2762 non
938 2690 1092 2761 multum
1115 2713 1136 2761 a
1159 2714 1231 2762 ma·
1259 2724 1305 2771 12ss

120 2800 220 2893 gistro
252 2801 494 2886 adiuvaretur‚
527 2799 628 2871 valde
660 2799 726 2871 tibi
758 2800 948 2886 assenti0r3
974 2800 1012 2871 in
1043 2822 1154 2894 eoque
1177 2799 1233 2872 vel

120 3081 181 3126 esse,
197 3069 245 3117 mei
256 3069 317 3116 iuris
331 3068 351 3115 si
365 3071 442 3125 esset,
456 3068 540 3116 locum
547 3068 581 3117 sic
589 3082 648 3117 con·
699 3082 744 3130 pro
764 3067 869 3116 aliorum
888 3068 963 3128 inque
982 3082 1024 3115 eo.-
1046 3068 1112 3116 conl.
1125 3070 1235 3119 Ellendt.

120 3146 251 3206 stituerem,
272 3160 363 3203 unam,
389 3146 454 3208 qnod
469 3147 503 3205 ii,
518 3161 578 3209 quoa
591 3162 650 3195 uena
698 3147 731 3194 ad
746 3150 757 3205 5
772 3148 796 3193 2.
810 3173 844 3181 -
858 3146 908 3194 Sed
920 3145 1038 3193 Pronom.
1052 3146 1091 3210 (in
1101 3146 1235 3212 eo)referri

120 3225 243 3283 docuisset,
269 3238 450 3286 nonnumquam
471 3240 518 3272 noa
535 3226 599 3272 satie
618 3239 650 3273 eo
698 3238 748 3272 non
768 3228 851 3284 potest
870 3223 902 3270 ad
920 3224 1059 3285 superiora,
1082 3224 1165 3287 itaque
1178 3240 1236 3273 mox

119 3306 231 3351 sententio
254 3306 367 3353 eveniam
387 3304 483 3351 dicendi
498 3304 648 3363 procedere,
698 3302 1234 3365 Relativumpostulat,quoilludexplicetur.

121 3381 153 3427 ito
164 3408 196 3416 —
208 3384 333 3430 timerent.
699 3381 763 3429 Hinc
777 3382 914 3443 corrigam,
930 3382 995 3441 qaod
1007 3396 1081 3441 quum
1094 3396 1169 3430 mere.
1182 3382 1235 3431 doe.

152 3459 202 3507 124.
217 3460 648 3523 qaodeeterornmlsomineaartium.
732 3472 791 3520 quoa
814 3458 939 3506 iudicabat
959 3472 1007 3505 non
1018 3473 1090 3519 posce
1113 3460 1236 3520 [oratores

121 3538 154 3584 lix
163 3538 262 3586 aliorum
273 3537 394 3586 librorum
406 3543 522 3599 corrupta
533 3539 648 3596 lectione,
698 3538 822 3598 evadere}
858 3536 950 3583 inclini
964 3536 1013 3583 duo
1027 3542 1151 3597 postrema
1163 3538 1234 3586 utin-

122 3617 144 3661 et
162 3619 310 3674 ceterorum,
326 3620 369 3665 aut
382 3618 411 3665 de
426 3619 487 3674 oet,
505 3616 554 3665 hoc
567 3616 649 3665 verius
697 3616 833 3677 terpolata,
856 3615 948 3676 qnippe
962 3628 1035 3674 posse
1054 3613 1166 3664 absolute
1187 3616 1236 3664 diei

122 3695 277 3756 effingendam
291 3699 367 3757 puto,
383 3700 410 3743 ut
423 3696 547 3757 legeretur
560 3696 649 3742 etenim
698 3697 761 3743 solet
772 3694 798 3741 in
812 3693 861 3741 hoc
874 3699 1035 3755 argumento,
1053 3692 1096 3740 ubi
1109 3695 1189 3757 agitur
1203 3696 1235 3743 de

122 3774 249 3821 ceterarum
271 3794 318 3821 -ι
344 3774 461 3822 convenit
480 3773 574 3822 seilicet
593 3776 650 3834 post
697 3774 740 3831 iis,
761 3785 824 3834 quae
842 3770 1023 3833 quisanatura
1036 3770 1153 3830 haberet,
1169 3775 1236 3834 quod

121 3846 171 3907 illa,
184 3851 213 3897 de
226 3868 273 3914 qua
288 3853 359 3915 queri
369 3854 518 3913 eoepesoleo,
533 3852 649 3912 quoniam
697 3851 780 3899 notavi
800 3851 875 3898 modo
895 3851 927 3898 ad
945 3855 957 3908 5
973 3852 1034 3898 120:
1049 3849 1134 3899 ciebis
1148 3857 1161 3910 5
1178 3854 1233 3901 131.

121 3925 189 3987 ipsius
200 3930 349 3979 incommodi
363 3930 455 3978 mentio
466 3930 648 3993 (oratorispee·
698 3930 763 3979 Hinc
778 3930 902 3991 olfacere
916 3930 1108 3992 expungendum
1120 3930 1168 3989 in5
1178 3932 1233 3988 130,

123 4008 196 4054 cotum
207 4035 241 4044 -
250 4007 418 4072 uidetur)non
426 4007 648 4068 statimsnbiieitur,
697 4012 722 4055 ct
734 4009 829 4070 efficere
840 4009 876 4056 ΙΙ.
889 4012 902 4067 5
915 4010 955 4055 85.
969 4010 1047 4065 Tum,
1062 4011 1173 4056 oratores
1179 4024 1233 4057 eoo·

122 4084 160 4131 scd
188 4101 217 4134 ex
243 4087 427 4149 comparatione
450 4101 507 4135 eum
530 4087 648 4135 histrione
697 4086 755 4133 dere
768 4090 884 4147 poterant
897 4100 956 4134 sane
970 4101 1071 4143 omnes;
1085 4088 1129 4135 sed
1142 4086 1233 4151 ageba·

122 4170 286 4224 praeparatur,
310 4170 339 4214 nt
358 4165 537 4229 argumentatio
555 4180 649 4214 anona
696 4170 737 4213 tur
757 4165 788 4212 de
809 4166 944 4226 praestanti
957 4170 983 4214 et
995 4165 1107 4228 perfeeto
1121 4172 1232 4216 oratore:

123 4244 233 4290 sententia
246 4244 385 4303 inchoetur,
400 4244 425 4291 in
433 4257 480 4304 qua
487 4243 567 4292 forma
576 4244 647 4293 Coni.
696 4247 770 4305 atque
789 4244 853 4291 illud
873 4244 990 4291 evadendi
1008 4243 1112 4293 verbnm
1129 4246 1163 4293 ita
1177 4261 1233 4294 eum

122 4320 179 4367 enim
201 4322 259 4382 poni
278 4324 356 4381 solet,
383 4322 446 4372 sieut
466 4323 514 4371 alio
534 4324 648 4384 exemplo
695 4322 796 4370 laudato
817 4327 909 4371 eventu
928 4323 1047 4389 coniungi
1065 4325 1143 4380 solet,
1163 4326 1234 4374 velut

123 4399 309 4449 ostendemusin
324 4406 336 4461 5
351 4404 408 4451 258.
696 4402 766 4449 Brut.
782 4405 794 4459 5
811 4402 873 4459 131,
889 4403 953 4458 175,
968 4404 1025 4451 299.
1051 4403 1132 4451 Multo
1145 4404 1233 4452 melius

153 4476 205 4527 126.
229 4481 255 4527 in
275 4494 349 4543 eoque
371 4482 408 4529 vel
426 4482 531 4529 manime
551 4508 585 4516 —
606 4480 648 4541 qui
696 4477 810 4528 scribitur
831 4481 866 4527 ΙΙ.
888 4480 962 4539 571,
981 4481 1042 4541 quid
1054 4481 1149 4529 discere
1161 4496 1232 4542 opor·

123 4566 188 4612 mum
202 4561 311 4607 mercede
324 4561 429 4609 doceret.
447 4560 519 4608 Edidi
533 4562 647 4619 meoque,
697 4558 761 4605 teret
783 4572 851 4616 enm,
873 4560 915 4619 qni
934 4560 1020 4606 orator
1039 4561 1101 4607 esaei
1114 4560 1232 4620 fatumia.
