3242 5500
440 568 554 618 urana
581 568 783 617 sncunous.
813 550 830 630 §
858 548 938 620 197.
1183 549 1252 618 203

124 741 339 825 concitares,
377 748 417 813 ut
454 764 519 837 ego
554 740 600 812 ad
635 740 673 811 id
707 739 1001 835 restinguendum
1031 740 1087 811 vix
1112 764 1254 812 conarer

122 850 317 924 accedere?
344 848 529 921 Habueras
553 850 649 922 enirn
672 857 713 920 tu
736 849 855 921 omnia
878 849 915 920 in
933 873 1036 923 causa
1055 849 1252 945 superiora3

125 961 218 1046 vim,
256 961 398 1055 lugam,
436 959 709 1058 lapidationem,
746 958 990 1032 crudelitatem
1028 958 1253 1031 tribuniciam

123 1069 163 1140 in
212 1067 400 1164 Caepionis
444 1069 544 1164 gravi
589 1067 850 1164 miserabilique
891 1093 974 1142 casu
1010 1066 1047 1140 in
1084 1067 1254 1140 iudicium

123 1179 295 1264 vocabas3
336 1165 497 1274 [deinde]
537 1177 733 1274 prinoipem
766 1173 835 1273 [et]
861 1186 1001 1250 senatus
1026 1185 1060 1250 et
1084 1177 1253 1262 civitatis,

123 1289 179 1360 M.
220 1287 434 1374 Aemilium,
471 1287 588 1382 lapide
624 1311 828 1383 percussum
871 1311 946 1360 esse
984 1286 1167 1362 constabat
1174 1321 1183 1373 3
1221 1287 1255 1357 vi

123 1398 322 1492 pulsume
350 1398 482 1493 templo
506 1397 547 1469 L.
576 1396 714 1469 Cottam
738 1406 772 1469 et
796 1397 836 1469 Τ.
868 1397 1038 1483 Didium,
1065 1420 1175 1492 quum
1199 1396 1253 1467 in·

122 1507 305 1581 tercedere
328 1507 458 1578 vellent
482 1507 673 1601 rogationi,
700 1531 804 1578 nemo
829 1514 965 1602 poterat
994 1531 1133 1602 negare.
1185 1505 1254 1577 Ac·
1281 1515 1327 1583 48

18 1612 21 1617 ⁴
122 1617 291 1702 cedebat,
331 1626 370 1690 ut
403 1616 487 1688 haec
524 1624 565 1687 tu
598 1616 799 1688 adolescens
835 1640 897 1711 pro
929 1614 1132 1712 republica
1157 1615 1256 1711 queri
1283 1641 1328 1686 us

122 1751 266 1800 surnma
296 1751 378 1800 cum
404 1726 578 1821 dignitate
602 1726 860 1811 existimarere,
886 1749 972 1820 ego,
999 1725 1103 1796 homo
1133 1749 1254 1798 censo·
1316 1771 1361 1838 ω,

121 1837 220 1922 riuS,
247 1837 306 1911 vix
331 1837 413 1908 satis
438 1836 584 1907 honeste
608 1835 743 1910 viderer
768 1835 975 1908 seditiosum
999 1835 1131 1920 civem,
1156 1815 1254 1907 ΕΠ]
1364 1778 1399 1910 d

122 1946 282 2018 hominis
306 1945 498 2018 consularis
522 1945 720 2017 calamitate
743 1945 941 2030 crudelem,
972 1939 1106 2040 [posse]
1133 1944 1253 2016 defen·

123 2056 221 2126 dere.
272 2056 384 2127 Erant
420 2056 544 2151 optimi
581 2054 672 2127 cives
707 2054 862 2140 iudices,
900 2052 1073 2126 bonorum
1101 2053 1255 2126 virorum

122 2165 275 2259 plenum
304 2165 441 2251 forum,
472 2165 531 2238 vix
554 2172 595 2236 ut
618 2163 707 2236 mihi
731 2164 849 2236 tenuis
875 2151 1047 2260 quaedam
1071 2164 1172 2235 venia
1194 2163 1254 2235 da·

121 2289 225 2346 retur
258 2275 512 2360 excusationis,
546 2273 644 2371 quod
673 2282 790 2346 tamen
817 2297 899 2344 eum
924 2272 1167 2358 defenderem,
1194 2273 1256 2368 qui

123 2382 216 2456 mihi
251 2392 416 2478 quaestor
444 2385 580 2456 luisset.
633 2382 704 2455 Hic
728 2407 794 2478 ego
819 2383 907 2479 quid
928 2383 1043 2454 dicam
1067 2407 1123 2454 me
1147 2389 1255 2454 artem

122 2492 285 2587 aliquam
317 2492 545 2566 adhibuisse?
577 2493 662 2590 quid
696 2492 859 2578 fecerim,
891 2491 1055 2577 narrab03
1081 2493 1110 2564 si
1135 2491 1253 2588 placu-

123 2603 211 2687 erit,
246 2626 308 2672 vos
336 2627 451 2674 meam
476 2602 716 2674 defensionem
741 2602 778 2672 in
803 2601 922 2696 aliquo
946 2601 1031 2672 artis
1056 2601 1131 2672 loco
1154 2625 1253 2698 repo·

123 2712 232 2785 netis.
299 2712 471 2785 Omnium
513 2711 727 2785 seditionum
771 2735 920 2807 genera,
958 2710 1063 2797 vitia,
1101 2710 1255 2807 pericula
1282 2732 1326 2781 roc

122 2821 274 2916 collegi,
301 2846 449 2916 eamque
471 2823 665 2895 orationem
688 2846 731 2894 ex
755 2822 852 2893 omni
876 2822 926 2893 rei
944 2820 1104 2917 publicae
1117 2828 1255 2892 nostrae

123 2942 330 3026 temporum
363 2931 528 3003 varietate
559 2930 725 3028 repetivi;
758 2930 984 3026 conclusique
1005 2932 1075 3016 ita,
1101 2940 1142 3001 ut
1164 2930 1255 3003 dice·

122 3066 223 3127 rem,
259 3039 326 3112 etsi
357 3064 479 3113 omnes
519 3065 657 3136 semper
684 3040 849 3111 molestae
873 3039 1062 3113 seditiones
1086 3040 1254 3124 fuissent,

123 3152 240 3223 iustos
281 3160 398 3221 tamen
437 3150 545 3222 fuis'se
581 3149 769 3221 nonnullas
812 3157 847 3221 et
884 3173 992 3244 prope
1028 3149 1254 3221 necessarias:
1360 3206 1362 3211 .

123 3270 206 3333 tum
250 3260 332 3345 illa,
370 3284 459 3355 quae
494 3259 598 3332 modo
635 3258 783 3334 Crassus
823 3258 1136 3345 commemorabat,
1180 3258 1254 3353 egi:
1335 3247 1351 3319 χ’

159 3579 280 3641 [deinde]
291 3577 607 3637 principanpqemaruc
625 3577 669 3625 Se·
719 3576 846 3637 nefarium
868 3575 961 3623 armen
981 3573 1096 3621 Latinum
1114 3578 1165 3630 est,
1181 3589 1257 3635 quuru

123 3673 189 3719 quor
213 3656 368 3715 Kayserunr,
383 3654 429 3704 ista
441 3654 553 3703 tollenda
566 3668 671 3704 censen·
719 3654 847 3714 nefarium
873 3667 924 3700 non
951 3650 998 3699 nisi
1022 3652 1053 3698 de
1072 3651 1126 3713 ipso
1146 3652 1257 3701 facinore

122 3744 186 3785 tem.
718 3732 768 3779 dici
783 3733 871 3779 soleat.
895 3730 1039 3791 Asyndeton
1056 3737 1184 3791 praeterea
1197 3731 1223 3778 h.
1238 3733 1256 3779 l.

159 3815 222 3862 198.
248 3813 291 3861 aa
315 3812 379 3859 ratic
404 3812 620 3859 auertentem
637 3838 671 3847 -
719 3825 769 3859 non
783 3809 915 3857 ferendum
929 3814 990 3857 erat.

124 3893 226 3955 [pocae]
250 3891 393 3950 defendere.
428 3890 519 3948 Quaeri
535 3889 669 3951 poteratiu
751 3890 820 3948 apud
839 3903 898 3949 quos
918 3891 971 3935 tum
993 3886 1121 3948 [eradices]
1163 3890 1257 3949 Sequor

123 3970 221 4019 talibus
242 3970 275 4016 de
296 3969 377 4017 officio
394 3968 559 4026 defensionis,
573 3983 624 4017 nou
638 3982 669 4015 au
720 3965 1258 4027 Kaysernm,recteiudircrabiicientem.-
1296 4010 1300 4019 ,

123 4050 180 4110 quis
198 4050 288 4107 posset
309 4047 455 4095 defendere:
481 4046 549 4095 conf.
571 4049 669 4095 Murco.
720 4048 795 4101 Mox,
816 4060 862 4106 pro
882 4046 951 4107 vulg.
974 4060 1033 4106 quo,
1055 4045 1086 4093 de
1104 4060 1160 4094 meo
1174 4047 1258 4095 addidi
1296 4101 1304 4115 ῃ

124 4131 184 4186 Η,
201 4141 257 4187 sqq.
272 4126 336 4173 Sull.
351 4130 364 4184 ς
379 4128 408 4183 2,
422 4140 476 4187 sqq.
507 4127 594 4186 ltaque
607 4124 671 4173 illud
720 4125 809 4185 Praep,
831 4140 859 4181 a,
881 4136 943 4184 quae
964 4125 1084 4184 postulari
1105 4125 1166 4171 mihi
1186 4125 1256 4173 vide·
1275 4166 1277 4170 .

119 4219 197 4265 poree
210 4204 357 4252 delendum.
719 4201 800 4250 batur.

160 4285 222 4333 199.
249 4283 289 4344 [ie
315 4281 415 4341 cesar-m
441 4284 545 4331 crimine
573 4283 671 4345 ΛΜ.
752 4282 904 4331 renovabam.
947 4280 1036 4328 Merito
1061 4278 1183 4329 abiectum
1204 4287 1256 4337 est,

125 4363 254 4423 Exemplo
262 4360 451 4410 novissimorum
460 4360 672 4418 Editorum,haec
720 4359 787 4420 quod
806 4360 876 4421 vulg.
898 4357 1047 4415 addebatur,
1069 4362 1143 4419 alque
1160 4372 1256 4407 renora-

125 4440 227 4489 uncinis
239 4439 339 4489 inclusi.
356 4440 447 4488 Inscita
460 4438 669 4502 praetereacain-
720 4440 788 4493 bam,
809 4452 872 4498 quae
887 4437 949 4485 nihil
963 4442 1012 4494 est,
1028 4437 1073 4485 nisi
1087 4438 1200 4487 lectionis
1213 4454 1258 4486 va-

124 4519 275 4579 terpretatio
290 4524 343 4575 est,
362 4519 477 4578 quoniam
492 4532 573 4579 neque
588 4519 671 4563 ineri-
719 4516 807 4572 rictas,
835 4516 860 4563 in
887 4516 973 4563 iisdem
1002 4514 1082 4564 serbis
1103 4516 1258 4577 deprehensa

125 4599 194 4644 mine
203 4611 312 4657 ponere,
331 4606 377 4658 pro
391 4598 489 4644 crimini
503 4598 576 4654 dare,
591 4609 671 4656 neque
720 4609 818 4655 quoque
833 4594 882 4641 ΙΙΙ.
899 4598 910 4651 §
928 4596 950 4642 l.
