3242 5500
433 557 742 607 undernarius.
772 541 789 620 §
815 539 897 610 217.
1157 543 1225 612 367

120 754 194 802 sono
226 737 467 814 attenuatum,
501 729 683 801 inflatum:
719 729 859 801 nullum
890 738 942 801 est
974 731 1068 802 eninr
1102 731 1226 804 horum
1254 753 1299 803 21⁷

120 863 296 933 generum,
326 838 421 934 quod
445 863 516 910 non
542 846 616 909 arte
638 863 677 909 aa
695 839 933 910 moderatione
957 847 1136 912 tractetur.
1177 840 1227 912 Hi

120 957 193 1019 sunt
221 948 347 1033 actori,
372 956 414 1019 ut
435 949 580 1043 pictori,
607 949 757 1042 expositi
780 948 826 1018 ad
849 949 1053 1020 variandum
1083 951 1224 1022 colores.

119 1057 218 1128 Aliud
242 1057 336 1127 enim
362 1057 455 1128 voois
481 1081 593 1152 genus
615 1057 795 1128 iracundia
821 1057 888 1128 sibi
906 1067 1038 1143 surnat,
1063 1069 1225 1146 acutum,
1253 1069 1298 1136 58

119 1166 312 1250 incitatum,
334 1165 455 1238 erebro
479 1166 654 1238 insidens:

182 1334 309 1430 impios
329 1337 489 1408 hortatur
509 1361 563 1408 aaa
578 1333 708 1430 frater,
729 1350 769 1408 ut
790 1361 881 1409 meos
901 1337 1004 1410 malis
1027 1337 1129 1410 miser

182 1445 382 1518 mandaram
408 1458 528 1518 natos:
550 1484 600 1496 -—

119 1609 150 1672 et
170 1625 225 1686 ea,
248 1626 337 1696 quae
362 1611 402 1674 tu
428 1601 586 1688 dudum,
611 1602 769 1688 Antoni,
793 1603 990 1698 protulisti,

181 1793 352 1866 seuraqore
374 1770 435 1843 aba
459 1784 493 1843 te
518 1771 648 1844 ausus?
744 1781 779 1844 et

182 1880 291 1974 eequis
312 1879 372 1951 hoe
394 1880 662 1972 animadvertit?
684 1881 827 1953 vinata:
850 1920 899 1930 —-

119 2043 149 2106 et
168 2036 294 2107 Atreus
318 2037 390 2108 fere
411 2046 517 2111 totus,
569 2029 680 2109 Aliud
704 2039 879 2110 miseratio
900 2063 940 2110 ao
957 2064 1103 2127 moeror,
1128 2041 1226 2114 flexi-

118 2142 200 2230 bile,
225 2144 389 2239 plenum,
415 2148 670 2243 interruptum,
692 2146 802 2219 flebili
827 2172 924 2219 voae:

182 2343 245 2414 quo
268 2342 359 2391 auae
381 2316 610 2389 mevaniam?
642 2317 735 2412 qaod
754 2317 821 2389 iter
843 2317 1011 2412 incipiam
1033 2320 1192 2417 lauredi?

181 2427 319 2499 domum
332 2425 587 2520 paternorum?
613 2450 709 2499 eane
729 2426 779 2499 ad
795 2425 918 2500 Peliae
926 2427 1049 2523 filius?

118 2592 147 2654 et
166 2585 241 2670 illa,
309 2660 311 2663 ,

182 2767 332 2849 apaten,
357 2754 534 2848 opotrao,
558 2779 577 2826 o
599 2752 743 2826 Priami
764 2753 904 2827 domus!

118 2919 148 2982 et
170 2937 257 3007 quae
282 2918 494 3007 sequuntur,

183 3081 260 3154 haee
282 3081 400 3153 omniu
419 3080 493 3154 aidi
511 3080 743 3177 inflammari,

182 3189 329 3263 Priaruo
350 3190 385 3263 ai
405 3191 514 3263 ettam
534 3190 667 3263 evitari.

118 3347 218 3419 Aliud
241 3357 374 3433 metue,
400 3348 613 3434 demissum,
640 3355 675 3420 et
699 3348 898 3436 haesitans,
922 3360 957 3423 et
983 3352 1175 3429 abiectum:
1252 3384 1299 3429 eie
1382 3337 1384 3339 Ι

119 3600 396 3611 —-—-—.--..-

146 3773 200 3819 216.
217 3776 375 3821 omnesenim
385 3776 643 3823 motueanimi-ha-
691 3780 730 3823 ter
749 3790 775 3823 se
794 3781 988 3837 opponerentur.
1034 3778 1059 3826 Si
1078 3793 1164 3829 verum
1188 3799 1226 3832 es·

117 3847 286 3899 antalam.
321 3853 361 3901 Sic
380 3854 490 3911 correxi,
511 3869 557 3916 pro
574 3854 643 3916 vulg.
691 3858 729 3901 aet
755 3854 875 3911 eulaeum,
901 3854 943 3901 vix
969 3854 1092 3904 diversum
1121 3866 1184 3909 esset
1213 3878 1228 3910 a

118 3925 193 3984 aaut,
211 3930 327 3990 quoniam
341 3934 422 3979 motae
433 3933 571 3981 necessario
584 3933 642 3981 Plu·
687 3931 785 3991 fracto.
828 3932 877 3979 Sed
899 3932 941 3980 vix
961 3935 1065 3982 concedi
1084 3942 1166 3997 potest
1186 3940 1227 3989 Ci-

117 4005 157 4051 rali
169 4022 271 4055 numero
285 4009 382 4067 dicitur,
394 4015 499 4067 utmox,
515 4012 592 4069 §220‚
607 4024 644 4071 sq.
692 4023 807 4057 ceronern
833 4009 860 4057 in
887 4025 978 4073 genere
1002 4013 1100 4062 dicendi
1119 4020 1228 4067 notando

118 4087 141 4129 et
163 4086 263 4146 passim:
292 4094 407 4135 etenum
427 4090 555 4148 quemdam
576 4093 613 4136 est
631 4103 645 4135 a
693 4101 764 4134 usum
784 4101 836 4135 esse
856 4088 900 4136 illo
920 4089 1008 4138 verbo:
1029 4098 1097 4151 tum,
1118 4094 1136 4142 si
1151 4096 1227 4155 frae-

117 4162 209 4223 reliquis
235 4164 368 4213 diversum.
409 4168 441 4214 Et
466 4171 492 4214 ut
511 4180 590 4224 voces,
610 4167 645 4214 ita
694 4168 746 4212 tum
759 4170 826 4214 reete
840 4168 1227 4235 eumiutermieeo(upiritu)iun·

117 4240 191 4289 vultus
214 4257 311 4305 quoque
331 4245 431 4292 Plurale
452 4250 499 4293 est;
521 4244 587 4293 conf.
609 4245 644 4291 ΙΙ.
693 4242 771 4306 gitur,
803 4243 921 4292 credibile
949 4252 986 4294 est
1010 4252 1066 4308 post
1093 4250 1230 4300 continenti

118 4318 194 4373 §lla
210 4349 245 4357 -
693 4322 786 4383 spiritu
802 4323 920 4371 excidisse
933 4325 1000 4373 eliud
1017 4327 1188 4388 Adiectivum,
1202 4346 1228 4379 v.

146 4399 277 4447 continenti
287 4403 392 4461 spiritu,
408 4401 561 4458 intermisso,
570 4399 644 4459 frae-
695 4413 717 4447 e.
740 4402 854 4460 punam,
887 4402 927 4449 eui
946 4402 1065 4460 fractum
1090 4420 1230 4468 opponere·

118 4474 165 4520 tom
183 4478 317 4539 [acierum]
347 4480 469 4539 Kayserus
486 4478 594 4526 haeeita
608 4478 646 4525 di·
694 4483 744 4526 tur.
767 4505 801 4514 -
825 4480 919 4541 Supra,
945 4467 965 4529 1'.
988 4487 1000 4540 ξ
1022 4485 1085 4542 261,
1100 4491 1137 4533 est
1150 4488 1228 4535 coati-

117 4551 208 4612 stinxit,
230 4556 297 4616 quasi
312 4557 430 4615 fluctum
451 4562 476 4605 et
493 4558 595 4605 seuam
608 4556 653 4603 in··
695 4557 775 4604 nenda
787 4558 876 4605 anima.
