3242 5500
388 545 458 614 184
698 567 812 616 amna
839 567 1040 616 sncunnus.
1069 547 1086 628 §
1114 547 1194 616 152.

387 744 427 807 tu
461 734 691 808 similitudine
724 737 820 812 illius
852 738 965 811 divini
995 737 1132 833 ingenii
1154 737 1191 809 in
1217 737 1338 810 eadem
1363 739 1496 811 incurris

386 844 549 939 vestigia,
576 845 647 918 sive
671 846 777 919 etiam
795 847 855 920 illa
872 849 949 944 ipsa
967 846 1084 942 legisti
1101 855 1207 942 atquc
1224 846 1395 920 didicisti:
1417 848 1495 944 quod

386 952 531 1050 quidem
560 954 673 1049 magis
700 956 888 1030 verisimile
918 957 1076 1029 videtur:
1108 956 1189 1052 plus
1212 957 1307 1028 enim
1329 965 1366 1030 te
1387 982 1495 1054 operae

317 1086 364 1134 us
388 1063 529 1135 Graecis
563 1063 702 1136 dedisse
734 1063 840 1137 rebus
870 1066 993 1151 video,
1038 1089 1145 1162 quam
1181 1075 1355 1162 putaram.
1421 1067 1494 1138 Tum

386 1172 465 1259 illo,
501 1171 653 1260 Verum,
689 1173 828 1270 inquit,
864 1199 906 1246 ex
929 1199 986 1248 mc
1001 1174 1155 1266 audies,
1183 1175 1317 1248 Catule.
1367 1177 1508 1272 Semper,

386 1305 452 1377 ego
476 1282 690 1369 existimavi,
723 1283 966 1356 iucundiorem
990 1294 1025 1356 et
1049 1284 1320 1380 probabiliorem
1345 1285 1426 1358 huic
1446 1309 1494 1380 po·

384 1392 469 1488 pulo
497 1400 669 1464 oratorem
697 1392 790 1480 fore,
827 1393 888 1490 qui
911 1393 1063 1489 primum
1090 1418 1196 1488 quarn
1220 1394 1406 1467 minimam
1427 1394 1492 1466 arti·

385 1502 455 1574 ficii
482 1501 649 1587 alicuius,
668 1501 813 1574 deinde
837 1503 972 1575 nullam
998 1504 1209 1576 Graecarum
1226 1526 1349 1576 rerum
1376 1503 1492 1599 signifi-

384 1611 558 1684 cationem
591 1610 699 1683 daret.
756 1613 868 1706 Atqui
898 1636 964 1708 ego
994 1611 1088 1684 idern
1116 1611 1334 1698 existimavi,
1365 1613 1492 1708 pecudis

384 1744 478 1805 esse,
505 1744 575 1791 non
599 1718 771 1806 hominis,
798 1745 910 1816 quum
934 1728 1048 1794 tantas
1065 1745 1120 1792 res
1133 1721 1256 1794 Graeci
1271 1721 1491 1817 susciperent,

383 1829 650 1926 profiterentur,
675 1837 839 1923 agerent,
867 1855 1012 1926 seseque
1036 1838 1071 1902 et
1095 1830 1238 1902 videndi
1259 1855 1315 1902 res
1338 1830 1492 1904 obscuris·

383 1938 508 2023 simas,
542 1945 578 2009 et
613 1936 703 2010 bene
735 1939 894 2025 vivendi,
931 1948 965 2012 et
996 1939 1133 2035 copiose
1167 1938 1309 2012 dicendi
1338 1940 1491 2012 rationem

382 2046 584 2119 hominibus
605 2047 746 2121 daturos
771 2049 1040 2143 pollicerentur,
1067 2072 1137 2120 non
1160 2048 1345 2121 admovere
1369 2073 1489 2134 aurem,

382 2166 437 2242 et,
464 2157 494 2228 si
516 2156 632 2252 palam
657 2157 779 2228 audire
795 2182 854 2230 eos
876 2182 947 2230 non
965 2157 1127 2243 audereS,
1153 2182 1199 2230 ne
1216 2158 1392 2232 minueres
1407 2158 1490 2254 apud

381 2274 461 2337 tuos
497 2266 589 2337 cives
625 2266 870 2338 auctoritatem
906 2275 1024 2353 tuam,
1064 2266 1361 2340 subauscultando
1388 2275 1489 2339 tamen

381 2375 540 2470 excipere
574 2400 674 2448 voces
707 2400 849 2461 eorum,
885 2383 920 2447 et
945 2376 1086 2471 procul,
1113 2375 1200 2472 quid
1225 2385 1422 2464 narrarent,
1445 2383 1488 2448 at·

379 2484 533 2556 tendere.
561 2484 688 2580 Itaque
714 2485 801 2571 loci,
830 2484 895 2558 031
897 2485 974 2572 ule,
1002 2493 1038 2558 et
1058 2486 1204 2558 istorum
1227 2487 1386 2560 omnium
1408 2509 1488 2558 sum·

381 2593 504 2665 matini
528 2618 650 2666 causas
676 2602 710 2666 et
733 2618 863 2690 genera
887 2595 963 2690 ipsa
987 2595 1136 2690 gustavi.

223 2661 354 2789 if37
430 2701 541 2776 Valde
575 2702 711 2792 hercle,
745 2704 863 2800 inquit
849 2704 959 2777 3031
963 2705 1063 2791 ulus,
1089 2703 1234 2791 timide,
1260 2712 1432 2800 tamquam
1449 2701 1489 2774 ad

312 2839 356 2884 rar
380 2813 534 2909 aliquem
540 2788 763 2995 ssrbrdrnrsj
750 2814 953 2909 scopulum,
986 2814 1035 2887 sic
1063 2822 1161 2887 tuam
1181 2821 1279 2886 ment
1281 2840 1336 2887 em
1360 2814 1400 2887 ad
1421 2812 1488 2909 phi·

382 2922 540 3019 losophia
584 2907 752 3019 appult
722 2949 785 3009 s,r
812 2947 918 3019 quarn
939 2923 1171 2995 haeccivitas
1195 2932 1378 3019 aspernata
1399 2946 1488 2994 num·

382 3057 488 3128 quam
518 3039 582 3104 est.
556 3033 786 3104 tNamet
811 3032 936 3105 referta
960 3032 1199 3129 quondamt
1164 3032 1268 3104 Italia
1294 3033 1487 3128 Pythagora

382 3166 482 3214 orum
517 3141 603 3227 fuit,
641 3152 737 3229 tum,
777 3167 888 3237 quum
919 3152 992 3214 erat
1017 3142 1054 3214 in
1080 3142 1144 3213 hac
1168 3149 1275 3237 gente
1296 3166 1418 3239 magna
1437 3137 1488 3210 illa

384 3251 547 3323 Graecia:
580 3275 622 3321 ex
650 3275 720 3346 quo
748 3252 854 3323 etiam
885 3246 1063 3347 [quidam]
1092 3252 1247 3324 Numam
1272 3251 1486 3348 Pompilium,

382 3384 501 3456 regem
536 3367 714 3448 nostrum,
749 3360 858 3433 fuisse
880 3361 1140 3457 Pythagoreum
1162 3360 1296 3448 ferunt,
1324 3362 1384 3459 qui
1402 3358 1488 3433 annis

417 3651 474 3698 151.
493 3663 567 3710 quum
584 3645 680 3694 333113
693 3646 923 3708 cuperemque
972 3645 1016 3693 sed
1030 3644 1199 3706 quodferunt
1212 3644 1440 3696 ieresinesubieoto
1449 3644 1487 3691 diei
1594 3633 1595 3642 ¹

382 3729 427 3775 itta
442 3727 555 3774 Graecia.
586 3723 780 3773 Probandumne
794 3728 832 3772 est
849 3726 921 3786 Mag·
971 3724 1034 3772 solet
1055 3728 1080 3771 33
1099 3727 1212 3785 oportet,
1226 3724 1253 3771 in
1267 3724 1487 3773 communissima

382 3820 441 3853 nam
456 3805 584 3853 Graeciam
598 3802 647 3850 dici
654 3800 826 3863 fuisceinhar
831 3802 922 3863 pente?
971 3799 1098 3865 ἀδεσπὸτῳ.

383 3889 423 3940 31,
438 3882 463 3931 in
477 3897 526 3943 qua
539 3884 629 3945 gente?
648 3880 711 3929 Mihi
724 3894 783 3929 sane
797 3895 848 3928 non
862 3894 921 3942 pro·
1005 3894 1079 3942 quum
1098 3882 1168 3927 illem
1187 3881 1336 3941 sapientiam
1351 3908 1383 3916 -
1395 3883 1446 3929 rate
1456 3891 1488 3926 ro·

382 3960 467 4009 batur:
482 3966 507 4009 33
520 3964 588 4008 certe
599 3960 725 4021 aliquanto
732 3958 829 4016 melius,
841 3958 921 4007 Amic.
969 3959 1061 4023 quur.
1079 3958 1219 4007 Ellendtius
1235 3959 1352 4019 repudiat
1365 3955 1486 4009 033133331-

289 4062 291 4066 ·
384 4045 397 4100 5
413 4041 457 4098 13,
472 4039 504 4086 de
518 4038 695 4101 Pythagoreis,
710 4039 753 4099 qni
765 4037 922 4085 sineterra
970 4036 1488 4100 vumeopnorit,etlndicativumpostpenu

376 4118 490 4179 fierunt
501 4130 661 4179 'nequamque
673 4115 802 4164 &aerium
808 4129 920 4176 -prae-
970 4131 985 4163 3
998 4129 1026 4164 se
1038 4115 1169 4164 defensum
1183 4128 1236 4163 esse
1243 4116 1303 4165 dicit
1310 4117 1343 4164 ad
1349 4118 1434 4174 Bruti
1443 4114 1487 4162 1311.

383 4194 921 4258 ceptiseuirerudiverunt:etLiviusXXXI.
971 4193 1416 4257 Sedisticnecessariocorrigendum,
1430 4204 1488 4255 quem

384 4277 398 4326 7
402 4314 407 4323 .
425 4277 469 4333 ll,
485 4289 530 4322 nec
548 4273 676 4321 Tarentini
689 4274 759 4321 modo
772 4286 864 4334 oraque
877 4274 922 4319 1113
971 4273 1052 4320 lamen
1064 4272 1349 4333 spirae-pervenimus.
1367 4275 1487 4325 Praeterea,

383 4354 561 4416 Italiae,qu
568 4352 684 4400 maiorem
693 4351 920 4399 Graeciamvorant.
970 4365 1020 4399 non
1041 4352 1151 4411 eopnooit
1167 4350 1236 4399 illam
1250 4352 1395 4413 sapientiam
1407 4353 1487 4403 Num,

415 4449 447 4481 err
471 4446 518 4495 qno
537 4432 612 4480 etiam
634 4430 758 4492 [quidam]
775 4456 809 4464 —
816 4429 919 4491 ferum.
969 4430 1013 4478 sed
1020 4429 1101 4478 33311,Ι
1117 4429 1199 4491 itaque
1206 4427 1487 4493 corrigendum,uooerit.

382 4513 563 4574 Interpolatum
590 4515 628 4558 est
654 4507 768 4570 quidam,
795 4522 846 4555 non
869 4513 920 4555 tam
1005 4509 1060 4556 156.
1085 4522 1138 4555 mre
1164 4510 1301 4567 sententia,
1329 4523 1399 4571 quum
1421 4506 1488 4557 videor

382 4596 483 4654 propter
497 4590 602 4639 similem
616 4589 699 4637 locum
713 4588 786 4635 Tusc.
804 4586 847 4634 lV.
863 4590 875 4645 ξ
890 4588 919 4644 3,
969 4586 1116 4647 seposuisse.
1157 4588 1363 4649 Quandoquidem
1383 4583 1486 4638 Antonius
