3242 5500
370 556 415 626 28

728 567 843 618 crena
869 569 1008 618 enimus
1034 552 1053 632 t
1078 551 1136 621 61.

369 751 463 845 ipsas
487 753 579 819 artes
600 743 703 830 velit,
731 741 775 814 ad
797 741 943 813 oratoris
964 740 996 813 ei
1014 742 1291 837 confugiendum
1312 750 1365 815 est
1383 743 1494 816 facul·

314 876 346 921 62
370 866 491 931 tatem.
542 857 668 950 Neque
691 853 805 938 enirn,
834 850 862 923 si
886 849 1072 923 Philonem
1091 851 1193 925 illum
1207 848 1495 949 [architectum],

371 969 432 1064 qui
461 962 740 1038 Atheniensibus
766 961 1074 1033 armamentarium
1094 962 1197 1048 fecit,
1222 970 1360 1035 constat
1378 963 1496 1058 perdi-

373 1085 463 1151 serte
489 1076 619 1172 populo
639 1073 811 1146 rationem
835 1071 950 1167 operis
973 1070 1028 1143 sui
1049 1071 1266 1159 reddidisse,
1292 1072 1497 1145 existiman-

373 1189 458 1261 dum
482 1192 534 1258 est
557 1183 737 1257 architecti
758 1181 876 1277 potius
894 1180 1042 1252 artificio
1068 1181 1260 1268 disertum,
1287 1206 1393 1278 quam
1419 1207 1497 1252 ora-

372 1298 458 1372 toris
492 1295 611 1367 fuisse.
664 1293 760 1378 Nec,
798 1292 828 1362 si
854 1289 937 1362 huic
969 1285 1037 1385 [M.
1062 1287 1236 1387 Antonio]
1259 1316 1323 1388 pro
1345 1290 1498 1363 Hermo·

374 1409 459 1480 doro
490 1405 614 1478 fuisset
641 1403 685 1474 de
708 1401 884 1473 navalium
909 1424 1014 1495 opere
1035 1400 1241 1488 dicendum,
1267 1425 1360 1488 non,
1387 1425 1500 1497 quum

374 1517 418 1589 ab
449 1516 509 1588 illo
541 1536 681 1586 causam
710 1510 912 1595 didicisset,
944 1509 1019 1606 ipse
1041 1518 1163 1582 ornate
1182 1511 1226 1583 de
1249 1510 1363 1583 alieno
1389 1511 1499 1583 artifi-

375 1627 428 1700 cio
451 1624 660 1720 copioseque
671 1621 827 1693 dixisset.
857 1619 983 1715 Neque
999 1643 1079 1691 vero
1095 1618 1344 1717 AsclepiadeS,
1362 1621 1409 1706 is,
1429 1646 1502 1717 quo

376 1761 439 1808 nos
459 1733 594 1806 medico
616 1732 797 1827 amicoque
817 1729 872 1801 usi
889 1752 1030 1813 sumus,
1048 1725 1161 1826 [tum,
1176 1755 1286 1826 quum
1300 1731 1503 1826 eloquentia

374 1843 535 1918 vincebat
559 1849 691 1914 ceteros
713 1838 867 1912 medicos
877 1833 904 1933 ‚]
936 1838 973 1909 in
1000 1863 1040 1909 eo
1062 1838 1159 1934 ipso,
1187 1841 1283 1935 quod
1305 1849 1426 1912 ornate
1446 1841 1501 1911 di·

376 1954 499 2041 cebat,
536 1951 729 2024 medicinae
762 1948 929 2021 facultate
956 1947 1141 2036 utebatur,
1173 1974 1245 2021 non
1267 1950 1501 2046 eloquentiae.

322 2086 352 2130 63
378 2065 498 2160 Atque
516 2062 605 2135 illud
626 2068 678 2134 est
701 2058 939 2156 probabilius,

966 2082 1081 2154 neque
1101 2066 1219 2132 tamen
1238 2084 1380 2145 verum,
1407 2059 1505 2156 quod

381 2177 539 2247 Socrates
571 2171 685 2243 dicere
720 2168 873 2254 solebat,
910 2192 1031 2239 omnes
1062 2169 1100 2239 in
1133 2194 1195 2256 ao,
1226 2169 1322 2267 quod
1350 2170 1503 2256 scirent,

379 2285 463 2358 satis
498 2307 571 2356 esse
603 2282 827 2376 eloquentes:
864 2276 954 2352 illud
987 2277 1123 2366 verius,
1150 2304 1265 2375 neque
1289 2304 1505 2376 quemquam

381 2553 463 2600 dicere
477 2547 582 2605 licebat,
598 2545 677 2594 dicam
692 2545 756 2606 qaod
768 2543 859 2600 sentio,
874 2546 916 2590 aut

966 2542 1010 2590 der
1030 2544 1210 2607 Archaeologie
1232 2549 1244 2602 §
1268 2544 1341 2608 180),
1355 2545 1419 2593 nihil
1432 2544 1507 2593 dubi-

381 2644 429 2679 oco
449 2628 563 2675 reticebo.
597 2627 635 2674 De
652 2624 760 2673 formula
773 2621 918 2670 condebito
964 2626 1045 2670 tantas
1060 2625 1186 2694 affirmare
1195 2624 1276 2671 solent
1290 2623 1412 2672 Editores.
1438 2625 1507 2673 Con-

382 2709 430 2761 alia
443 2706 527 2755 monui
542 2705 649 2757 Schelle.
661 2705 787 2766 Hypomn.
801 2703 832 2750 V.
841 2717 867 2764 p.
876 2702 917 2749 12.

415 2786 603 2835 scientiaeaut
616 2797 707 2830 eoram.
742 2784 798 2830 Non
812 2782 919 2829 interce·

289 2874 296 2889 ²
383 2864 647 2924 dam,sicuivideatur
655 2859 920 2911 Genitivumsm'eotiae

382 2946 558 3006 interpolatum
579 2956 643 2990 esse:
662 2941 749 2989 melius
764 2944 831 2988 certe
841 2938 919 2995 infra,

385 3030 397 3084 t
414 3026 458 3081 65,
475 3035 576 3084 quoram
591 3034 632 3067 eae
644 3023 704 3067 sont
716 3022 792 3067 ortes.

419 3104 459 3151 62.
484 3100 610 3147 Philonem
629 3098 699 3146 illam
722 3095 920 3160 [architectum]

386 3185 464 3231 Nemo
479 3178 631 3236 admonitus,
647 3176 920 3239 spero,contendetvo·

386 3259 517 3315 sabulum,
532 3258 599 3317 quod
618 3256 707 3304 inclusi
726 3257 752 3303 h.
767 3257 799 3313 l.,
813 3268 873 3302 vere
881 3253 922 3302 Ci-

386 3338 481 3387 ceronis
495 3350 556 3385 esse.

419 3415 510 3463 atate
526 3413 575 3475 [M.
590 3411 710 3473 Antonio]
716 3426 765 3472 pro
773 3410 924 3459 Hermodoro

380 3495 477 3555 fuisset
491 3494 627 3541 dicendum.
645 3492 751 3540 Difficile
763 3495 800 3539 est
812 3490 923 3539 divinare

387 3574 446 3635 quid
467 3572 636 3621 Hermodorus
654 3571 685 3617 ad
699 3571 834 3619 Antonium
847 3570 921 3631 perti·

386 3653 482 3709 nuerit,
505 3655 547 3699 aut
567 3652 598 3698 ad
619 3664 767 3711 quemquam
788 3650 819 3697 de
839 3649 868 3696 iis
882 3647 924 3708 qui

388 3732 446 3779 huic
459 3730 566 3778 sermoni
578 3729 729 3786 intererant,
744 3731 786 3775 aut
799 3742 849 3788 quo
863 3740 921 3774 eon·

389 3810 443 3859 silio
462 3824 493 3857 ex
513 3807 626 3857 omnibus
647 3808 782 3856 Antonium
803 3805 924 3868 posuisset

391 3889 500 3937 Crassus.
525 3886 637 3944 Scilicet,
651 3886 827 3947 interpolatum
839 3888 877 3933 est
887 3882 923 3931 M.

390 3964 508 4024 Antonio,
524 3970 549 4013 et
562 3965 618 4013 haic
627 3964 818 4027 intelligendum
825 3968 862 4012 est
869 3976 924 4010 oro-

392 4045 448 4093 tori.
483 4046 547 4105 Apte
562 4048 587 4092 et
599 4042 738 4091 necessario
753 4047 838 4091 conus
851 4057 925 4100 mox,

392 4128 404 4182 ξ
420 4124 465 4181 66,
480 4122 535 4170 haic
550 4122 656 4182 Sataialo
670 4122 780 4183 ponitur:
800 4121 853 4168 aliis
866 4122 926 4169 locis

392 4205 488 4252 Nomen
500 4202 627 4263 proprium
638 4204 695 4261 post
708 4201 783 4248 Pron.
798 4200 838 4247 hic
850 4200 925 4248 inter-

390 4284 502 4343 polatum
510 4285 554 4338 est,
566 4283 594 4327 ut
601 4279 745 4335 Scaeuolaet
754 4280 815 4325 242:
828 4278 854 4324 id
861 4279 927 4339 quod

392 4375 436 4409 suo
451 4360 564 4421 quodque
578 4360 634 4405 loeo
647 4356 794 4405 notabimus.
812 4384 846 4391 —
863 4360 928 4405 Her-

393 4441 523 4487 modorum
537 4438 562 4485 h.
578 4437 596 4484 l.
611 4436 801 4498 intelligendum
816 4450 868 4484 esse
883 4437 925 4485 Sa·

393 4519 535 4575 laminium,
562 4516 630 4563 cuius
651 4528 726 4575 opera
747 4515 840 4563 Romae
862 4515 928 4563 facta

393 4595 594 4647 commemoravit
624 4595 745 4643 Mullerus
772 4593 928 4659 (Handbuch

968 2701 1098 2760 cederem,
1120 2701 1140 2751 si
1154 2701 1222 2764 prius
1236 2702 1295 2750 mihi
1310 2703 1507 2752 demonstratum

967 2784 1031 2829 esset
1045 2794 1059 2828 a
1076 2782 1193 2829 Romanis
1200 2782 1298 2829 navalia
1304 2782 1395 2830 alicubi
1407 2782 1508 2831 condita

967 2858 1058 2917 fuisse,
1072 2870 1139 2918 tum,
1155 2861 1198 2921 qui
1211 2860 1284 2908 huius
1297 2862 1365 2909 modi
1378 2876 1441 2923 opus
1448 2877 1505 2923 per-

969 2938 1102 2986 ficiendum
1123 2939 1295 2996 conduxisset,
1313 2944 1341 2987 ut
1354 2941 1406 2988 eius
1420 2940 1446 2987 in
1460 2955 1505 3001 po-

969 3018 1029 3078 pulo
1043 3017 1150 3065 rationes
1163 3018 1292 3076 redderet,
1307 3019 1400 3066 Romae
1407 3032 1508 3080 quoque

969 3096 1044 3143 moris
1063 3095 1147 3144 fuisse.
1188 3098 1276 3155 Nunc,
1298 3092 1508 3158 quemadmodum

969 3174 1044 3221 modo
1055 3173 1165 3222 nobilem
1178 3176 1313 3229 attacta-a
1327 3177 1432 3225 Athenis
1439 3192 1508 3225 com-

970 3253 1128 3311 memoravit,
1142 3254 1176 3301 ita
1187 3268 1254 3301 nunc
1266 3254 1334 3301 haud
1341 3254 1422 3303 minus
1429 3256 1506 3304 Athe-

970 3347 1059 3380 narum
1071 3335 1150 3397 νεώρια
1162 3333 1325 3395 intelligenda
1334 3348 1387 3382 esse
1393 3333 1508 3382 arbitrer.

1007 3412 1094 3473 [qaam
1114 3411 1251 3472 eloquentia
1277 3412 1388 3459 nocebat
1414 3416 1510 3461 ceteros

971 3489 1099 3550 medicos}
1120 3488 1222 3537 Duabus
1236 3490 1267 3537 de
1281 3490 1359 3538 causis
1372 3490 1436 3539 haec
1449 3492 1510 3539 mihi

972 3572 1085 3629 suspecta
1099 3572 1163 3615 sunt.
1181 3567 1291 3615 Primum
1302 3569 1431 3627 deantur,
1444 3574 1508 3618 lam·

972 3661 1046 3708 quam
1066 3647 1087 3694 si
1107 3646 1183 3694 ceteri
1202 3647 1289 3695 medici
1302 3648 1436 3708 aliquando
1449 3663 1508 3697 con·

971 3726 1109 3774 tendissent
1122 3726 1296 3774 dicendorum
1308 3726 1472 3787 Asclepiade3
1485 3727 1510 3774 id

973 3805 1040 3865 quod
1060 3804 1193 3853 absurdum
1214 3809 1263 3852 est:
1283 3805 1373 3866 quique
1386 3805 1453 3853 hanc
1466 3821 1509 3854 an-

973 3884 1126 3933 notationem
1140 3884 1171 3931 de
1185 3897 1229 3931 suo
1243 3883 1352 3941 addidit,
1365 3882 1430 3931 nihil
1443 3885 1512 3932 aliud

973 3962 1081 4010 voluisse
1094 3962 1200 4020 videtur,
1215 3977 1288 4023 quam
1303 3960 1416 4024 qai(non
1424 3962 1512 4023 mam)

973 4042 1097 4099 vincebat,
1118 4041 1134 4088 i.
1157 4055 1179 4089 e.
1213 4039 1346 4102 superabat
1363 4045 1460 4089 ceteros
1475 4042 1511 4089 di-

975 4120 1047 4168 cendi
1063 4119 1191 4168 facultate.
1225 4121 1288 4166 Tum
1302 4120 1455 4180 eloquentiae
1468 4136 1511 4181 ap-

975 4199 1090 4261 pellatio,
1109 4204 1137 4247 ut
1154 4197 1219 4246 bene
1232 4212 1259 4245 se
1273 4196 1348 4245 habet
1360 4197 1387 4244 in
1400 4199 1514 4246 clausula

975 4278 1049 4326 huius
1062 4278 1213 4347 sententiae,
1229 4277 1262 4324 ita
1275 4277 1301 4324 in
1314 4276 1400 4338 primis
1413 4277 1513 4325 alienis-

975 4358 1036 4406 sima
1056 4361 1094 4405 est
1113 4356 1145 4404 ab
1165 4356 1221 4414 illa,
1243 4369 1306 4416 quae
1320 4355 1433 4417 fingitur,
1453 4370 1513 4403 con·

975 4436 1086 4485 tentione
1106 4436 1170 4483 inter
1189 4434 1361 4495 Asclepiadem
1379 4438 1405 4482 et
1418 4439 1515 4482 ceteros

976 4515 1093 4563 medicos.
1130 4524 1134 4531 ·

1012 4595 1052 4643 63.
1070 4594 1144 4654 atqtte
1163 4592 1228 4639 illud
1246 4593 1284 4638 est
1299 4590 1453 4650 probabilius
1471 4618 1515 4639 -.
