3242 5500
368 558 464 633 338,
696 572 808 622 ranna
835 574 1005 624 ruamus.
1034 555 1052 635 §
1079 552 1161 622 147.

367 751 465 846 quit,
492 747 636 831 Crasse,
662 770 778 841 neque
802 744 1028 818 Aristotelem
1064 745 1192 830 istum,
1220 770 1336 842 neque
1359 746 1500 818 Carne-

367 859 489 943 adem,
516 880 580 928 nec
602 854 890 952 philosophorum
910 878 1124 950 quemquam
1146 854 1316 928 desidere.
1346 855 1414 929 Vel
1436 881 1499 926 me

304 985 308 990 ’
367 969 448 1040 11111
484 965 661 1062 existimes
686 964 869 1060 desperare
890 987 993 1059 posse
1016 963 1084 1035 iste
1105 963 1322 1059 perdiscere,
1348 967 1425 1051 vel,
1454 965 1495 1036 id

366 1076 463 1173 quod
502 1075 613 1158 facie,
655 1081 898 1158 contemnere;
943 1072 1029 1145 mihi
1069 1097 1185 1145 rerum
1223 1074 1417 1166 forensium
1457 1082 1494 1145 et

366 1185 607 1258 communium
647 1183 803 1278 vulgaris
842 1182 927 1254 haec
943 1181 1118 1277 „cognitio
1156 1183 1239 1254 satis
1272 1208 1402 1279 magna
1436 1192 1493 1255 est

370 1291 432 1391 [ad
455 1319 553 1379 eam,
579 1318 685 1388 quam
708 1299 847 1388 specte,
874 1286 1146 1387 eloquentiam];
1172 1317 1309 1389 exque
1336 1293 1415 1388 ipsa
1439 1302 1493 1365 ta·

366 1428 446 1476 men
471 1403 646 1498 permulta
670 1403 807 1487 nescio,
834 1424 924 1496 quae
951 1410 1029 1472 tum
1051 1401 1223 1497 denique,
1250 1427 1362 1498 quum
1385 1426 1493 1474 causa

364 1514 501 1608 aliqua,
544 1536 634 1607 quae
674 1535 694 1582 a
728 1534 784 1582 me
820 1509 969 1581 dicenda
1000 1517 1072 1595 est,
1111 1511 1305 1597 desiderat,
1344 1535 1489 1606 quaere.

367 1620 626 1704 Quamobrem,
653 1619 722 1691 nisi
745 1619 832 1690 forte
855 1619 981 1691 esiam
1007 1619 1183 1706 defessus,
1210 1629 1244 1692 et
1275 1621 1305 1693 si
1326 1619 1394 1692 tibi
1416 1644 1490 1691 non

366 1755 488 1828 graves
510 1754 652 1814 sumus,
678 1728 768 1800 refer
788 1728 834 1799 ad
856 1728 916 1800 illa
937 1737 991 1814 te,
1019 1753 1108 1824 quae
1129 1729 1175 1800 ad
1192 1729 1302 1826 ipsius
1320 1730 1492 1802 orationis

365 1841 505 1914 laudem
540 1837 831 1934 splendoremque
863 1837 1057 1932 pertinent3
1093 1862 1182 1932 quae
1209 1862 1274 1933 ego
1299 1863 1343 1910 ex
1367 1847 1402 1911 te
1426 1863 1489 1911 au-

365 1950 441 2021 dire
464 1948 578 2033 volui,
604 1971 675 2019 non
701 1955 741 2018 ut
760 1946 979 2042 desperarem
997 1971 1054 2018 me
1074 1941 1345 2044 [eloquentiam]
1366 1974 1489 2022 conse·

293 2070 339 2140 37
366 2059 428 2156 qui
461 2082 583 2153 posse,
617 2057 679 2128 sed
703 2065 743 2128 ut
767 2055 902 2151 aliquid
925 2056 1152 2129 addiscerem.
1205 2059 1296 2130 Tum
1318 2058 1489 2144 01111111,

292 2195 340 2242 111
365 2168 591 2263 Parvulgatas
615 2190 669 2237 res
693 2166 861 2261 requiris,
889 2164 1021 2260 inquit,
1049 2174 1082 2237 et
1098 2165 1165 2238 tibi
1183 2191 1252 2237 non
1270 2167 1489 2263 incognitae,

366 2277 511 2374 Sulpici.
568 2276 659 2352 Quis
697 2275 791 2346 enim
826 2274 869 2346 de
903 2275 969 2346 isto
994 2299 1122 2371 genere
1147 2299 1216 2346 non
1242 2276 1390 2348 docuit?
1416 2302 1489 2349 nou

364 2386 544 2459 instituit?
568 2409 639 2457 non
664 2384 833 2479 scriptum
859 2384 964 2456 etiam
987 2385 1156 2480 reliquit?
1188 2383 1259 2457 Sed
1275 2409 1397 2480 geram
1413 2411 1488 2458 mo-

364 2521 459 2581 rem,
497 2503 532 2567 et
567 2519 607 2566 ea
641 2494 835 2578 duntaxat,
874 2493 1074 2588 quaemihi
1099 2502 1182 2566 nota
1207 2503 1311 2580 sunt,
1336 2494 1491 2567 breviter

364 2628 538 2700 exponam
575 2602 659 2675 tibi:
695 2601 844 2674 censebo
869 2609 986 2674 tamen
1011 2602 1058 2674 ad
1082 2626 1160 2688 eos,
1186 2603 1249 2697 qui
1271 2613 1433 2676 auctores
1453 2615 1489 2677 et

364 2715 562 2787 inventores
597 2718 680 2785 sunt
714 2712 838 2783 harum
867 2735 950 2783 sane
977 2713 1191 2785 minutarum
1211 2736 1349 2799 rerum,
1375 2739 1489 2786 rever·

363 2825 521 2897 tendum.

292 2966 339 3010 149
413 2932 540 3005 Omnis
560 2932 669 3028 igitur
692 2931 800 3003 oratio
822 2930 1006 3003 conficitur
1030 2956 1073 3003 ex
1090 2931 1221 3017 verbis,
1249 2956 1400 3028 quorum
1417 2933 1491 3029 pri-

364 3068 462 3115 mum
494 3042 596 3113 nobis
628 3041 716 3113 ratio
747 3040 953 3135 simpliciter
976 3040 1127 3112 videnda
1151 3048 1223 3126 est,
1250 3041 1380 3113 deinde
1405 3065 1489 3113 con·

364 3155 503 3225 iuncte:
530 3175 611 3221 nam
637 3149 856 3245 estquidam
880 3157 1024 3221 ornatus
1048 3149 1236 3235 orationis,
1263 3152 1325 3246 qui
1351 3175 1395 3223 ex
1418 3152 1489 3223 sin·

364 3262 457 3357 gulis
469 3260 584 3331 verbis
597 3269 660 3346 est,
686 3259 793 3345 alius,
820 3258 882 3354 qui
899 3283 941 3330 ex
954 3259 1168 3331 continuatis
1184 3253 1487 3357 [coniunctisque]

364 3377 511 3443 constat.
567 3370 662 3464 Ergo
698 3377 839 3439 utemur
874 3366 988 3439 verbis
1024 3376 1085 3439 aut
1121 3369 1183 3455 iis,
1222 3394 1314 3465 quae
1348 3371 1491 3466 propria

365 3490 447 3553 sunt
483 3487 516 3551 et
549 3486 642 3551 certa
677 3478 777 3572 quasi
811 3476 978 3549 vocabula
1002 3501 1139 3563 rerum,
1177 3502 1289 3573 paene
1311 3504 1383 3551 una
1406 3488 1491 3551 nata

363 3614 444 3662 cum
478 3588 583 3660 rebus
617 3586 721 3682 ipsis,
756 3593 817 3657 aut
841 3587 904 3671 iis,
932 3610 1021 3683 quae
1045 3586 1306 3658 transferuntur
1331 3596 1365 3659 et
1386 3589 1491 3683 quasi

363 3778 653 3787 ——a

398 3897 454 3943 148.
473 3894 579 3941 censebo.
614 3891 758 3941 Necessario
772 3891 899 3955 corrigen-
983 3893 1039 3941 150.
1063 3893 1108 3941 aed
1133 3895 1160 3939 in
1179 3892 1223 3942 loc
1243 3894 1371 3943 verboram
1388 3908 1488 3955 peren.

362 3974 438 4030 dum,
453 3985 545 4019 remeo.
949 3972 1050 4029 Malim,
1067 3972 1093 4019 et
1106 3973 1133 4019 in
1147 3971 1190 4018 doc
1203 3998 1245 4019 —-.

414 4051 471 4099 149.
488 4050 567 4097 omnis
582 4049 661 4108 iqitur
674 4048 756 4096 oratio
769 4048 900 4111 conficitur
983 4051 1039 4097 151.
1059 4050 1102 4110 [de
1114 4050 1278 4111 oratoribus]¹
1314 4054 1383 4100 Haec
1395 4052 1489 4101 iterum

362 4129 501 4178 11111111.
536 4129 591 4175 Hoc
606 4126 706 4187 quidem
719 4131 771 4174 tam
785 4126 899 4187 putidum
948 4128 1098 4177 annotatoris
1125 4134 1193 4176 sunt:
1223 4128 1286 4175 nihil
1310 4131 1360 4177 tale
1386 4130 1490 4178 additur

362 4214 408 4267 est,
423 4213 451 4256 ut
464 4206 531 4267 quod
542 4206 659 4253 maxime:
674 4218 755 4265 neque
768 4204 898 4266 hecquae·
949 4210 961 4265 §
984 4207 1040 4253 101.
1060 4233 1094 4241 -
1115 4207 1188 4266 Quod
1201 4221 1272 4265 mox,
1295 4207 1322 4255 in
1335 4209 1413 4256 altero
1427 4208 1488 4267 illo,

362 4287 453 4334 siverat
466 4284 597 4345 Sulpicius,
612 4284 656 4331 sed
670 4298 713 4339 ca,
728 4283 898 4342 (1111111111-
947 4284 1047 4345 ponitur
1060 4284 1162 4347 aliquia,
1177 4285 1219 4333 vix
1232 4286 1335 4334 defendi
1347 4289 1439 4347 potest.

362 4365 438 4411 tionis
449 4364 545 4411 audem
556 4361 757 4423 splendoremque
758 4362 899 4420 pertineat.
981 4362 1025 4410 lior
1045 4364 1115 4423 quari
1135 4367 1212 4411 rebem
1229 4391 1263 4399 —
1277 4366 1346 4425 cepio
1359 4366 1489 4413 boucam.

362 4441 567 4498 mandandum,
588 4441 666 4489 omnm
685 4440 765 4500 ipitur
781 4439 901 4487 orationis
948 4442 1034 4502 Neque
1047 4441 1126 4488 solum
1138 4442 1191 4489 siue
1204 4442 1302 4491 adiecto
1317 4442 1426 4491 Genltivi
1439 4443 1491 4491 dici

360 4520 479 4576 ornatus,
493 4524 519 4567 et
530 4534 603 4576 mox,
623 4533 679 4566 uam
693 4518 844 4579 estquidam
858 4532 898 4565 or·
946 4517 1049 4576 licebat,
1064 4523 1089 4567 et
1102 4522 1177 4569 Pron.
1191 4520 1235 4569 hoc
1247 4521 1304 4569 ideo
1318 4521 1424 4569 otiosum
1437 4527 1489 4578 est,

361 4599 449 4655 cotue,
465 4598 547 4646 deleto
560 4598 614 4646 istic
629 4598 756 4645 aaronis.
948 4596 1030 4656 quod,
1045 4602 1072 4645 ut
1085 4611 1159 4659 saepe
1172 4598 1198 4646 in
1211 4598 1348 4647 istiusmodi
1361 4599 1489 4647 definitio-
