3242 5500
374 543 445 612 320
705 561 818 611 nrnna
844 562 1014 611 ruamus.
1043 546 1060 625 §
1090 544 1169 613 103.

372 734 543 829 explicare
580 733 701 830 possit.
755 734 894 820 Quare‘,
931 741 970 806 ut
1004 742 1087 806 ante
1109 735 1203 820 dixi,
1229 735 1383 832 primurn
1411 738 1499 809 silva

372 869 489 917 rerum
514 839 568 939 [ao
591 838 863 937 sententiarum]
888 844 1122 939 comparanda
1143 853 1194 916 est
1201 878 1210 929 ;
1233 839 1320 940 [qua
1336 845 1380 916 de
1397 855 1498 941 parte

371 954 461 1026 dixit
485 952 663 1025 Antonius
675 947 701 1046 :]
729 950 815 1023 baec
837 951 1020 1024 formanda
1043 954 1103 1024 filo
1125 954 1203 1049 ipso
1224 962 1259 1025 et
1277 978 1408 1049 genere
1421 981 1496 1027 ora-

370 1062 497 1147 tionis,
525 1059 757 1133 illuminanda
779 1060 917 1148 verbis,
943 1062 1108 1134 varianda
1132 1064 1327 1135 sententiis.

300 1195 348 1241 ros
421 1172 565 1242 Summa
597 1178 716 1241 autern
752 1168 828 1240 laus
858 1170 1079 1266 eloquentiae
1106 1180 1159 1243 est
1184 1172 1396 1267 amplificare
1423 1198 1497 1244 rem

374 1274 585 1376 [ornando];
614 1278 709 1374 quod
734 1279 824 1350 valet
849 1303 920 1350 non
946 1280 1060 1352 solnrn
1076 1280 1122 1349 ad
1138 1280 1341 1374 augendum
1358 1281 1497 1377 aliquid

371 1397 404 1461 et
433 1389 628 1462 tollendum
656 1387 760 1459 altius
788 1382 986 1483 [dioend0]‚
1021 1388 1211 1460 sedetiam
1236 1389 1282 1460 ad
1304 1397 1496 1461 extenuan-

299 1505 344 1576 27
372 1500 458 1571 dum
495 1506 602 1593 atque
638 1496 887 1568 obiiciendum.
939 1496 985 1567 ld
1017 1496 1235 1568 desideratur
1261 1498 1429 1571 omnibus
1455 1500 1498 1572 iis

370 1610 408 1681 in
445 1608 549 1693 loeis,
589 1630 676 1702 quos
712 1605 757 1676 ad
793 1604 901 1676 fidem
933 1606 1081 1677 orationi
1114 1604 1309 1677 faciendam
1333 1606 1497 1680 adhiberi

370 1717 458 1789 dixit
481 1715 677 1799 Antonius,
704 1713 758 1785 vel
771 1737 883 1809 quum
896 1714 1124 1809 explanamus
1136 1713 1289 1809 aliquid,
1315 1715 1496 1812 velquum

297 1861 344 1907 un
370 1826 596 1900 conciliamus
618 1823 771 1909 animos,
797 1822 852 1893 vel
874 1848 986 1918 quum
1010 1824 1240 1896 concitamus:
1269 1824 1330 1896 sed
1355 1828 1391 1897 in
1411 1826 1495 1912 hoo,

368 2146 501 2195 tentierum
527 2144 613 2191 vitiata
640 2148 686 2191 est.
721 2143 803 2202 Sicut,
826 2149 839 2203 ξ
860 2145 906 2201 91,
956 2130 1122 2205 nequeenim
1144 2159 1174 2193 ea
1188 2158 1253 2205 pare
1266 2149 1320 2193 erat
1332 2144 1497 2195 illustrandae

368 2225 464 2272 dixerat
484 2223 600 2278 Crassus,
622 2222 685 2269 dane
700 2223 790 2281 partes
805 2236 906 2282 eupere-
955 2224 1087 2280 arationis,
1106 2227 1131 2271 et
1144 2238 1175 2271 ne
1190 2223 1311 2285 appellari
1324 2223 1426 2284 quidem
1439 2229 1495 2285 pot-

367 2307 428 2351 rant
444 2302 466 2349 ei
479 2298 644 2348 illustrandae
656 2300 775 2369 orationis
788 2314 818 2349 ac
831 2300 908 2348 totins
956 2304 1023 2357 erat,
1047 2315 1124 2360 quum
1143 2302 1213 2348 nulla
1227 2299 1367 2349 distributio
1383 2302 1497 2351 instituta

368 2381 521 2443 eloquentiae
533 2377 706 2437 cumulandae,
721 2380 798 2427 altera
810 2380 906 2437 ornate,
956 2383 1031 2435 esset,
1046 2392 1127 2439 neque
1141 2378 1241 2427 omnino
1253 2378 1285 2427 de
1291 2378 1336 2427 illa
1342 2380 1404 2428 siloa
1410 2394 1496 2427 rernm

368 2463 446 2510 altera
460 2460 518 2520 apte
531 2456 637 2505 dicendi.
662 2458 735 2505 Nunc
748 2462 831 2506 autem
845 2472 906 2505 con-
955 2457 1123 2519 disputaverat
1137 2456 1273 2505 Antonius:
1288 2461 1429 2517 postremo,
1444 2474 1496 2507 non

368 2539 447 2588 cludit
467 2552 521 2585 eam
541 2535 755 2597 praeceptionem,
770 2549 834 2596 quae
847 2550 905 2598 per·
954 2534 1058 2584 decebat
1073 2536 1188 2584 Crassum
1202 2536 1255 2583 sine
1266 2536 1413 2585 necessitate
1420 2552 1494 2584 revo-

366 2616 462 2666 tinebat
481 2615 513 2662 ad
532 2618 618 2663 ornate
639 2614 788 2672 dicendum,
808 2614 836 2661 in
857 2629 907 2676 quo
954 2627 1024 2671 care,
1045 2613 1106 2673 quid
1119 2613 1241 2662 Antonius
1254 2614 1420 2675 explicuisset.
1457 2616 1496 2663 si-

368 2708 487 2758 perquam
500 2693 584 2755 inepte
598 2705 665 2739 nune
677 2692 725 2739 hoe
737 2692 846 2754 ponitur,
860 2694 905 2739 eil·
953 2691 1037 2739 milem
1049 2690 1234 2739 annotationem
1245 2690 1353 2739 indicavi
1361 2707 1444 2755 supra,
1458 2695 1495 2741 11.

367 2789 420 2823 eam
435 2787 520 2821 recum
534 2769 721 2830 comparandam
737 2785 797 2818 esse.
832 2772 906 2829 Quod
955 2771 1023 2828 565.

367 2851 517 2902 concludere
538 2849 618 2898 voluit
639 2849 755 2906 Crassus,
780 2849 905 2910 sequenti·
989 2849 1045 2896 1⁰4.
1068 2863 1164 2895 camma
1189 2848 1273 2895 autem
1301 2849 1356 2896 lans
1379 2851 1494 2912 eloquen-

366 2929 412 2979 bus
426 2931 526 2978 demum
540 2927 689 2984 continetur,
705 2939 768 2987 quae
779 2926 905 2975 novissimi
955 2928 1005 2974 tiae
1024 2947 1074 2974 -.·
1109 2927 1242 2986 Postquam
1263 2927 1379 2976 universe
1398 2929 1431 2976 de
1452 2944 1494 2976 or-

367 3009 440 3056 atiam
461 3007 574 3056 Editores
594 3018 725 3066 perperam
741 3004 906 3066 interpuncti·
953 3009 1015 3052 natu
1033 3004 1149 3061 (linisset,
1171 3018 1245 3064 quern
1264 3005 1292 3052 in
1305 3021 1398 3068 genere
1411 3012 1437 3054 et
1451 3021 1495 3055 co·
1616 3014 1618 3111 q

367 3101 414 3135 one
435 3101 449 3134 a
469 3081 636 3146 superioribus
656 3078 821 3130 divulserunt.
855 3084 905 3130 Le·
953 3083 1007 3130 lore
1021 3081 1138 3130 orationis
1151 3083 1313 3143 spectandum
1328 3099 1397 3143 esse,
1411 3085 1496 3148 pergit
1616 3132 1618 3141 ,

367 3165 467 3214 vissima
486 3160 596 3211 adhibita
616 3162 769 3210 correctione
786 3161 857 3209 loeus
870 3160 905 3209 sio
953 3161 986 3208 ad
1007 3173 1036 3207 ea
1056 3159 1222 3223 designanda,
1246 3161 1273 3208 in
1292 3161 1383 3222 quibus
1396 3164 1494 3224 praeei-
1616 3178 1618 3235 j

368 3241 533 3291 enuntiandus
554 3246 602 3288 est:
618 3253 707 3301 qnare,
721 3242 751 3287 at
763 3240 823 3287 ante
835 3241 904 3298 dini,
953 3252 1002 3300 pue
1021 3239 1076 3285 laus
1094 3237 1251 3298 eloquentiae
1270 3240 1387 3288 exsistere
1406 3243 1494 3303 possit.
1616 3242 1618 3309 ξ

363 3301 475 3382 {ammam
501 3319 561 3366 siloa
587 3331 673 3364 rernm
692 3317 846 3386 comparata,
867 3318 906 3364 eat
953 3317 1017 3374 Sed,
1032 3330 1108 3378 quum
1122 3315 1211 3364 dicitur·
1226 3330 1280 3364 rem
1291 3319 1494 3381 amplificarem·-
1616 3314 1618 3367 Ι

367 3401 427 3448 naec
433 3397 571 3458 formanda
584 3416 632 3443 ——.·
648 3395 683 3444 sic
694 3396 794 3444 demum
801 3401 905 3458 apparet
953 3395 1047 3452 nando,
1067 3394 1165 3455 stupide
1184 3395 1310 3444 invectum
1332 3403 1370 3446 est
1390 3397 1438 3446 hoc
1452 3413 1495 3447 or-
1616 3370 1618 3461 i

368 3492 417 3539 quo
438 3475 586 3539 spectaverit
607 3474 724 3531 Crassus,
746 3473 785 3521 cui
800 3487 860 3522 sane
872 3474 905 3522 de
952 3475 1042 3531 namo,
1060 3478 1085 3521 et
1098 3486 1157 3520 mox
1167 3473 1278 3522 dicendo.
1295 3477 1373 3534 Turn,
1387 3477 1495 3533 correxi,
1616 3478 1618 3507 !

366 3557 428 3604 silva
455 3567 540 3602 rernm
566 3566 668 3601 monere
689 3549 780 3600 licebat
799 3556 857 3600 ante
877 3566 904 3600 se
953 3551 1072 3614 adfidem
1084 3552 1191 3599 orationi
1199 3552 1355 3612 faciendam,
1368 3557 1495 3618 provulg.
1616 3518 1618 3643 i

367 3632 457 3680 dixisse
483 3633 509 3695 (ξ
537 3629 596 3691 93),
624 3643 686 3691 quae
707 3629 770 3676 nihil
789 3629 837 3678 nisi
856 3629 905 3678 hoc
953 3632 1081 3679 orationis.
1616 3648 1618 3693 q

366 3711 518 3773 praedicent,
529 3709 629 3757 inanem
641 3708 750 3756 futuram
757 3708 903 3767 orationem,
988 3711 1045 3757 105.
1061 3723 1112 3756 ana
1131 3712 1186 3778 lam
1205 3711 1314 3757 oratoris
1331 3713 1371 3758 eet
1384 3713 1496 3771 propria
1616 3708 1618 3715 '

367 3789 407 3837 oui
426 3803 466 3836 res
482 3802 533 3836 non
547 3785 633 3836 subsit.
662 3787 721 3835 Post
733 3799 818 3834 rmum
831 3788 903 3836 omit·
952 3789 1067 3835 mamma
1102 3786 1180 3836 Omisi
1196 3789 1234 3844 et,
1256 3793 1314 3836 ante
1322 3791 1444 3850 propria,
1466 3797 1496 3838 ut

365 3866 470 3916 tendum
489 3881 519 3914 ac
534 3865 714 3913 sententiarum
728 3864 808 3928 (quod
820 3865 904 3914 novis·
953 3866 1069 3915 Pearcius
1085 3865 1134 3914 iam
1147 3867 1374 3916 commendaverat.

366 3945 421 3994 simi
441 3945 553 3993 Editores
572 3941 716 4006 viderunt),
736 3957 787 3990 non
806 3947 905 3990 tantum
986 3946 1061 3992 etiam
1094 3945 1174 3992 maim
1200 3946 1239 3992 eet
1263 3971 1298 3980 -
1324 3947 1494 4006 vituperandi.

367 4024 434 4084 quod
454 4037 542 4084 supra,
565 4027 577 4081 5
596 4023 641 4079 93,
661 4021 727 4070 istud
741 4035 791 4068 non
805 4021 904 4069 additur
952 4022 1098 4084 Priusquam
1119 4023 1151 4071 de
1170 4023 1223 4084 ipsa
1244 4023 1367 4071 sententia
1384 4037 1495 4084 quaera-

366 4102 527 4166 (quamquam
547 4098 904 4158 reoteII.§145,fin.iun·
952 4115 1022 4158 mus,
1049 4100 1183 4149 liberemus
1209 4100 1262 4148 eius
1281 4101 1416 4162 simplicem
1438 4103 1494 4151 ius-

366 4186 459 4244 guntur
472 4193 513 4226 res
524 4177 712 4239 eiaenientiae),
727 4177 905 4238 sedquodtieri
952 4183 1052 4241 tamque
1071 4179 1177 4228 formam
1197 4178 1241 4237 iis,
1256 4193 1320 4240 quae
1334 4179 1389 4228 satis
1401 4179 1495 4230 inscite

366 4275 415 4308 non
436 4263 519 4320 potest
538 4262 566 4306 ut
586 4257 687 4305 Crassus
702 4255 804 4313 dixerit,
818 4257 904 4304 sibam
953 4255 985 4304 ab
1004 4261 1150 4306 annotatore
1169 4257 1315 4318 interposita
1328 4258 1387 4305 mihi
1398 4259 1493 4308 viden·

365 4339 544 4386 sententiarum
558 4335 700 4382 variandam
708 4347 758 4382 esec
764 4335 904 4382 sententiis.
952 4342 1002 4384 tur.
1025 4335 1094 4383 Nihil
1108 4335 1158 4383 huc
1171 4335 1311 4397 pertinebat
1324 4335 1425 4384 Antonii
1439 4337 1494 4385 dis·

366 4419 436 4474 Quae
457 4413 601 4474 interposita
621 4416 694 4469 sunt,
716 4427 764 4473 qna
785 4413 904 4473 denarie
951 4413 1055 4476 putatio,
1070 4413 1121 4474 qui,
1140 4415 1175 4462 Il.
1191 4418 1203 4472 5
1217 4415 1362 4471 341-349,
1377 4429 1429 4461 non
1445 4417 1494 4462 nisi

365 4494 434 4540 dicit
444 4490 575 4548 Antonias,
589 4496 643 4538 tum
649 4491 742 4551 inepte,
756 4491 903 4538 tuminscite
947 4492 1096 4552 praccepta,
1111 4497 1136 4541 et
1150 4495 1213 4540 loces
1226 4493 1343 4540 medendi
1354 4495 1379 4540 et
1391 4493 1494 4554 vitupe-

366 4572 467 4619 inventa
481 4573 538 4618 sunt
551 4584 564 4616 a
577 4569 901 4618 maleseduloannotatore:
952 4571 1026 4617 randi
1046 4571 1211 4631 explicuerat:
1233 4585 1312 4631 neque
1326 4585 1379 4620 eam
1392 4574 1494 4620 exerei-
