3242 5500
181 84 249 172 e
232 66 344 174 at

246 230 368 348 (ιθ)ι
362 205 907 325 i¹feA⁴L'²s⁶1¹-⁴2⁴‘⁴
929 213 1099 310 „522¹
1130 204 1273 264 ΜΜ
1336 317 1410 350 W
1484 310 1501 328 ‚‚

1006 319 1360 400 0er
1400 344 1406 354 ·

365 556 437 623 att
697 575 811 624 ulans
837 576 1006 626 reseras,
1036 561 1053 640 §
1083 559 1164 630 163.

292 750 337 817 tl
414 747 553 820 Deinde
587 749 778 821 videndum
813 756 866 820 est
897 773 942 821 ne
971 750 1076 846 longe
1110 751 1224 823 simile
1257 749 1303 822 sit
1334 749 1499 822 ductum.

294 877 342 923 res
366 852 502 954 Syrtim
527 857 749 951 patrimonii,
783 859 961 952 scopulum
993 859 1162 952 libentius
1199 859 1370 945 dixerim3
1401 853 1500 932 Ota-

368 966 505 1064 rpddim
537 966 718 1054 bonerum,
755 968 953 1065 vorapium
961 969 1121 1074 [potiusl
1161 970 1298 1042 facilius
1330 969 1425 1039 enim
1450 968 1502 1039 ad

370 1101 429 1162 ea,
457 1101 547 1171 quae
570 1078 663 1162 visa,
689 1101 796 1172 quarn
821 1076 866 1148 ad
883 1076 962 1162 illa,
989 1101 1079 1172 quae
1097 1079 1218 1150 audita
1235 1088 1339 1162 sunt,
1366 1078 1502 1149 mentis

369 1185 462 1258 oculi
490 1187 662 1257 feruntur.
713 1187 778 1271 Et,
805 1187 972 1280 quoniam
990 1186 1074 1259 haee
1098 1189 1153 1259 vel
1178 1211 1314 1260 summa
1340 1187 1417 1258 laus
1442 1195 1502 1258 est

370 1295 407 1366 in
447 1294 561 1366 verbis
600 1295 871 1381 transferendi5‚
910 1309 950 1366 ut
988 1320 1130 1368 sensum
1167 1296 1267 1368 feriat
1302 1296 1361 1381 id,
1400 1296 1502 1391 quod

368 1405 578 1477 translatum
614 1403 680 1490 sit,
718 1403 887 1498 fugienda
919 1413 971 1476 est
1006 1405 1122 1477 omnis
1158 1405 1341 1501 turpitudo
1375 1429 1501 1476 earum

369 1539 506 1599 rerum,
543 1514 586 1586 ad
621 1537 708 1609 quas
742 1537 863 1584 eorum
899 1513 1056 1599 animm,
1095 1516 1157 1610 qui
1190 1515 1356 1599 audient,
1381 1513 1502 1586 trahet

299 1644 345 1689 rsa
370 1623 575 1696 similitudo.
633 1623 724 1693 Nolo
759 1621 829 1693 dioi
864 1631 975 1695 morte
1010 1622 1167 1696 Africani
1196 1636 1390 1696 castratam
1422 1647 1502 1694 esse

370 1759 443 1806 rem
492 1732 687 1827 publicam:
736 1731 817 1802 nolo
856 1744 984 1804 stereus
1021 1733 1139 1806 euriae
1178 1732 1247 1805 diei
1288 1732 1496 1804 Glauciam:

370 1843 528 1938 quamvis
559 1841 604 1913 sit
633 1840 767 1925 simile,
794 1848 912 1912 tamen
935 1849 988 1912 est
1013 1841 1048 1914 in
1076 1850 1226 1938 utroque
1249 1841 1417 1913 deformis
1441 1865 1498 1913 co-

350 1951 494 2046 gitatio
527 1948 779 2022 similitudinis.
833 1950 925 2020 Nolo
957 1975 1032 2022 esse
1067 1959 1128 2023 aut
1151 1952 1283 2036 maius,
1310 1975 1418 2046 quam
1445 1953 1500 2020 res

370 2061 525 2157 postulet
532 2094 540 2145 ;
568 2071 749 2150 tempestas
765 2058 1036 2132 emuissatt'onis:
1063 2070 1125 2131 aut
1142 2061 1276 2146 minus;
1301 2059 1501 2132 comissatio

370 2167 591 2264 tempestatis.
625 2168 716 2239 Nolo
733 2192 808 2240 esse
826 2167 971 2239 verbum
987 2170 1172 2263 angustius
1189 2168 1243 2255 id,
1269 2169 1367 2264 quod
1384 2177 1498 2241 trans·

370 2281 481 2352 latum
504 2279 570 2363 sit,
596 2302 702 2373 quam
724 2277 849 2349 fuisset
873 2275 962 2348 illud
986 2279 1167 2374 proprium
1191 2303 1231 2350 ao
1254 2303 1380 2350 suum:

421 2448 587 2544 quidnam
609 2461 675 2532 est,
701 2447 857 2519 obsec-ro?
882 2447 969 2542 qnid
990 2460 1021 2520 te
1044 2448 1176 2522 eelirier
1196 2447 1371 2521 adnotes?

373 2609 498 2680 melius
532 2615 623 2679 esset
657 2618 764 2685 vetes,
795 2604 972 2699 prohibes,
1009 2605 1194 2693 absterres,
1233 2607 1401 2702 quoniam
1438 2608 1499 2679 ille

373 2718 525 2803 dixerat,

691 2887 783 2961 tttteo
805 2885 924 2969 istinc,

423 3027 464 3072 ne
485 2999 643 3096 oontapio
663 3021 739 3069 mea
758 2995 855 3069 bonis
878 2996 1040 3071 umbrone
1066 2997 1163 3069 obsit.

302 3186 349 3231 res
374 3157 493 3254 Atque
529 3158 656 3241 etiem,
695 3157 724 3228 si
758 3179 913 3241 vereare,
952 3180 997 3227 ne
1031 3156 1150 3252 paullo
1174 3155 1293 3227 durior
1315 3158 1500 3229 translatio

414 3421 470 3468 164.
488 3432 560 3479 quum
568 3417 665 3478 Μωρέ
678 3417 916 3477 illudproprtumoe
965 3414 1048 3465 nribus
1068 3414 1216 3465 continuatis
1234 3419 1377 3467 connecti.”
1413 3420 1503 3467 Merito

378 3512 458 3546 mum.
500 3500 556 3555 Quo
576 3496 684 3557 pertinet
703 3494 784 3542 illud?
819 3494 916 3542 Intelli·
963 3498 1048 3543 tamen
1068 3495 1205 3543 offenderat
1217 3496 1243 3543 in
1255 3496 1306 3543 illis
1319 3496 1441 3558 prioribus
1456 3500 1504 3545 Er-

380 3590 478 3639 gerem,
498 3575 518 3623 si
531 3576 657 3637 legeretur
671 3587 744 3635 quam
752 3574 850 3634 fuisset
863 3586 915 3620 ser·
966 3577 1064 3629 nestus,
1093 3572 1134 3633 qui
1161 3574 1252 3621 multos
1278 3575 1339 3623 alios
1364 3576 1504 3639 elegantiae

380 3659 462 3703 vatum
471 3669 515 3713 pr.
530 3668 559 3700 ae
571 3667 591 3699 s.
676 3700 680 3707 ,
965 3665 1038 3699 sensu
1059 3650 1201 3712 superabat:
1224 3652 1282 3699 uilla
1296 3653 1393 3713 modus,
1407 3654 1503 3715 inquit,

416 3734 472 3781 165.
486 3732 629 3791 praeposito
641 3744 713 3789 saepe
726 3731 804 3779 verbo.
836 3733 916 3787 Quor·
967 3744 1033 3776 uuou
1047 3742 1174 3791 expressus
1188 3736 1239 3787 est,
1254 3735 1279 3778 et
1292 3732 1402 3792 sequitur
1415 3746 1447 3779 ee
1460 3734 1506 3781 hoe

381 3827 436 3863 sum
455 3811 517 3857 illud
534 3810 626 3869 saepe?
659 3807 801 3868 Requiritur
815 3806 918 3855 Partioi-
968 3821 1083 3867 aperuere,
1104 3808 1171 3867 quod
1189 3812 1274 3856 tamen
1288 3824 1339 3856 non
1353 3824 1504 3859 commemo·

381 3891 465 3952 pium,
479 3893 522 3936 aut
535 3886 681 3942 sewardi,
696 3890 739 3934 aut
751 3886 827 3933 aliud.
968 3885 1078 3932 uraturss’
1104 3887 1189 3946 ltaque
1203 3886 1223 3934 is
1238 3888 1375 3948 auspicatur
1388 3890 1506 3937 lacunam

419 3969 475 4017 iao.
493 3967 673 4013 moderantem
687 3966 918 4025 nullueeetfloreu·
968 3964 1214 4023 essepostorattoui,
1230 3967 1505 4028 quamsioexplendam

385 4048 501 4096 tior.-
524 4042 737 4101 Quemadmodum
751 4042 813 4090 haee
827 4041 866 4089 edi
879 4055 917 4089 so·
968 4055 1035 4099 esse,
1058 4056 1130 4101 quam
1151 4043 1286 4107 ἁλληγορμα
1330 4046 1401 4103 Quod
1416 4051 1506 4094 tamen

383 4127 451 4181 lent,
479 4128 507 4170 nt
532 4122 654 4169 sententia
673 4120 797 4168 finiatur
791 4135 817 4167 m
837 4118 935 4168 verbis
968 4118 1026 4166 huie
1046 4118 1243 4179 interpretationi
1256 4120 1352 4179 obstat,
1366 4124 1506 4172 ntuliata·

384 4204 476 4264 afferat
495 4200 614 4256 orationi,
637 4198 768 4246 Pideritius
788 4199 823 4245 sic
843 4198 920 4246 inter·
943 4176 1052 4252 lesam,
1072 4197 1121 4245 hoe
1140 4204 1192 4254 est,
1213 4201 1297 4260 quod,
1319 4216 1380 4261 quae
1394 4203 1508 4262 sequitur
1612 4204 1613 4221 ¹

384 4286 508 4344 pretatur,
529 4279 598 4339 quasi
618 4277 666 4325 hoe
679 4278 786 4326 voluerit
800 4278 918 4334 Crassus,
968 4276 1089 4324 sententia
1109 4275 1178 4340 (nam
1197 4277 1276 4334 illud,
1291 4280 1356 4339 qued
1366 4278 1422 4341 -—,)
1438 4280 1508 4330 hene

386 4357 571 4418 »metaphoram
584 4355 629 4418 (de
643 4369 690 4415 qua
704 4354 920 4413 hucusquesermo
969 4352 1044 4401 habet
1063 4353 1183 4410 formam,
1202 4360 1230 4403 ut
1243 4371 1336 4404 novum
1350 4357 1467 4418 quiddam
1483 4366 1507 4407 et

386 4437 459 4498 afuit)
480 4449 533 4483 esse
552 4434 653 4481 modum
674 4431 874 4480 florentissimum
894 4433 920 4477 tp
968 4432 1092 4479 diversum
1113 4448 1127 4481 a
1147 4434 1273 4493 superiore
1294 4435 1404 4492 inchoet,
1425 4451 1508 4497 quum

385 4513 607 4575 narentanorum,
621 4511 665 4559 sed
678 4509 822 4572 allegoriam
837 4510 920 4557 nonin
969 4510 1129 4559 nihilominus
1147 4512 1201 4559 istic
1213 4512 1267 4573 ipsa
1279 4514 1396 4577 allegoria
1410 4514 1507 4563 descri-

386 4608 451 4640 nuno
465 4590 541 4639 uerbo
555 4591 674 4639 translato
688 4602 748 4645 esse,
763 4588 807 4636 sed
822 4603 850 4635 ex
863 4589 919 4649 plu·
969 4588 1048 4635 batur.
1071 4590 1119 4638 Sed
1134 4604 1182 4637 non
1198 4591 1355 4640 attenderunt
1368 4591 1411 4639 viri
1426 4592 1507 4649 docti,
