3242 5500
373 556 441 627 278
715 574 827 621 ranna
854 572 1025 623 rnurrus.
1054 557 1071 637 §
1099 553 1155 621 18.

370 770 500 819 munus
537 752 658 841 putem
692 745 827 818 diutius
864 771 966 841 posse
1001 745 1154 817 debere?
1186 746 1344 821 Quinam
1364 747 1486 839 igitur,

371 856 486 953 inquit
520 855 597 941 ille,
625 854 748 927 locus?
773 879 818 927 an
843 856 880 927 in
906 856 1024 928 media
1046 857 1132 928 silva
1157 856 1298 951 placet?
1324 863 1378 928 est
1404 858 1487 927 enirn

371 969 400 1039 is
435 964 587 1037 maxime
625 972 658 1036 et
687 989 817 1060 opacus
842 974 877 1038 et
901 966 1061 1062 frigidus.
1115 967 1225 1050 Sane,
1252 965 1371 1061 inquit
1395 966 1487 1037 Cras-

371 1101 448 1149 sus:
487 1074 617 1147 etenim
654 1083 706 1147 est
739 1076 776 1147 in
800 1100 842 1147 eo
866 1076 941 1148 loco
967 1076 1067 1148 sedes
1093 1074 1175 1147 huic
1199 1082 1319 1147 nostro
1343 1099 1417 1146 non
1441 1076 1486 1146 in·

369 1193 567 1283 opportuna
592 1186 753 1257 sermoni.
807 1186 930 1262 Quum
956 1186 1145 1283 placuisset
1166 1185 1260 1256 idem
1285 1186 1433 1270 ceteris,
1455 1187 1487 1257 in

371 1297 491 1370 silvam
528 1295 685 1380 venitur,
725 1302 758 1368 et
788 1294 839 1369 ibi
864 1319 1098 1390 magnacum
1124 1295 1292 1367 audiendi
1315 1306 1485 1392 exspecta·

369 1406 465 1478 tione
487 1404 690 1477 considitur.
1313 1467 1317 1471 .

317 1546 343 1590 ro
419 1516 509 1588 Tum
535 1515 699 1600 Crassus,
728 1514 850 1589 Quum
868 1515 1056 1587 auctoritas
1074 1522 1180 1610 atque
1196 1516 1353 1587 amicitia
1368 1526 1443 1589 vest
1478 1575 1485 1600 ,

369 1635 445 1698 tum
483 1624 632 1697 Antonii
670 1624 818 1696 facilitas
851 1624 1002 1720 eripuit,
1028 1625 1165 1721 inquit,
1192 1624 1279 1697 mihi
1302 1626 1340 1697 in
1365 1626 1486 1722 optima

369 1760 446 1807 mea
478 1758 583 1806 causa
621 1733 817 1806 libertatem
849 1734 1045 1806 recusandi.
1103 1736 1327 1831 Quamquam
1354 1737 1389 1807 in
1416 1762 1485 1833 par-

367 1844 487 1916 tienda
525 1844 764 1940 disputatione
800 1855 937 1930 nostra,
977 1868 1087 1940 quurn
1125 1843 1192 1917 sibi
1229 1844 1285 1917 de.
1310 1846 1374 1931 iis,
1406 1871 1486 1943 quae

368 1954 437 2026 dici
471 1952 515 2025 ab
549 1961 683 2026 oratore
711 1962 904 2050 oporteret,
932 1963 1105 2041 sumeret,
1133 1954 1221 2026 mihi
1246 1963 1364 2026 autem
1386 1957 1484 2028 relin-

367 2071 507 2160 queret,
531 2072 571 2135 ut
588 2064 818 2160 explicarem,
846 2065 1143 2160 quemadmodum
1168 2065 1228 2137 illa
1252 2068 1368 2138 ornari
1394 2092 1484 2163 opor-

367 2182 475 2259 teret,
515 2198 554 2245 ea
592 2173 730 2260 divisit,
770 2200 860 2271 quae
898 2175 1056 2247 seiuncta
1101 2200 1176 2247 esse
1213 2199 1284 2247 non
1329 2186 1481 2273 possunt.

367 2284 479 2371 Nam,
516 2308 626 2380 quum
662 2284 776 2357 omnis
813 2309 856 2357 ex
879 2310 916 2357 re
941 2294 1046 2380 atque
1069 2284 1183 2357 verbis
1206 2294 1339 2359 constet
1363 2289 1483 2372 oratio,

364 2418 479 2490 neque
503 2392 606 2465 verbe
632 2393 750 2466 sedern
777 2393 905 2467 habere
922 2404 1088 2491 possunt,
1116 2396 1145 2468 si
1162 2420 1236 2467 rem
1254 2395 1481 2482 subtraxeris,

308 2528 479 2597 seneque
511 2528 566 2576 res
600 2504 739 2591 lumen,
780 2506 808 2577 ai
846 2504 951 2576 verba
976 2506 1170 2578 semoveris.
1223 2506 1277 2578 Ac
1300 2507 1389 2579 milri
1412 2508 1482 2604 qui-

365 2614 445 2685 dem
491 2621 622 2686 veteres
667 2614 739 2700 illi,
790 2615 903 2686 maius
940 2615 1109 2710 quiddam
1144 2616 1261 2688 animo
1297 2617 1481 2714 complexi,

364 2724 476 2797 multo
518 2724 599 2821 plus
644 2725 748 2797 etiarn
786 2724 915 2798 vidisse
950 2725 1134 2812 videntur,
1172 2751 1279 2822 quam
1317 2736 1480 2824 quantum

364 2843 562 2909 nostrorum
594 2835 818 2931 ingeniorum
854 2836 945 2908 acies
970 2836 1100 2908 intueri
1124 2847 1257 2932 potest,
1286 2840 1347 2934 qui
1371 2839 1481 2909 omnia

364 2945 467 3031 haec,
499 2970 589 3041 quae
611 2970 716 3042 supra
742 2954 777 3018 et
801 2944 940 3031 subter,
968 2969 1079 3017 unum
1102 2971 1196 3033 esse,
1224 2943 1355 3020 et'una
1376 2948 1410 3020 vi
1432 2956 1479 3019 at-

363 3080 432 3151 que
468 3079 539 3128 una
573 3056 802 3128 consensione
835 3062 979 3127 naturae
1003 3057 1189 3129 constricta
1212 3081 1288 3130 esse
1310 3058 1477 3130 dixerunt.

365 3283 658 3294 -—..-.---—-—

396 3431 434 3478 19.
453 3442 481 3475 ea
494 3427 585 3474 divisit.
603 3429 647 3475 Est
660 3442 718 3475 sane
732 3426 864 3475 divideret.
874 3442 896 3488 q.
921 3432 924 3495 ξ
949 3432 961 3486 §
982 3429 1026 3484 22,
1045 3440 1090 3474 suo
1104 3427 1159 3473 loro
1174 3430 1223 3482 est,
1239 3430 1326 3487 utpote
1338 3427 1361 3473 in
1375 3431 1479 3476 extrema

359 3509 519 3570 distinguere.
537 3507 643 3562 Tamen,
659 3520 735 3566 quum
749 3504 774 3551 lx.
788 3506 805 3551 l.
819 3517 899 3552 sermo
921 3499 924 3557 l
947 3503 1128 3554 observatione.

358 3587 390 3635 sit
408 3588 439 3635 de
453 3587 496 3644 iis,
518 3599 580 3647 qaae
593 3586 704 3632 seiuncta
718 3597 769 3630 aare
782 3597 830 3631 non
839 3597 899 3643 poa-
921 3568 923 3651 i
980 3585 1018 3630 eat
1030 3585 1106 3630 etiam
1125 3584 1169 3630 illa
1191 3579 1303 3632 Platonis
1315 3598 1369 3633 vera
1380 3612 1416 3620 —
1428 3600 1477 3633 coe.

357 3669 429 3722 eunt,
451 3664 530 3727 aptius
550 3664 625 3713 credo
639 3678 691 3712 esse
707 3667 732 3710 ut
746 3662 897 3724 corrigatur,
948 3663 1002 3710 Non
1017 3662 1136 3724 explicat,
1152 3663 1211 3723 quid
1218 3668 1345 3724 praeterea
1351 3677 1435 3710 verum
1443 3680 1477 3712 es·

358 3745 466 3794 dimna.
502 3743 575 3792 Cous.
593 3743 663 3791 offic.
678 3743 727 3790 llI.
742 3746 754 3800 ξ
772 3743 801 3789 15
817 3746 842 3789 et
857 3742 897 3790 75.
946 3744 996 3797 set,
1024 3741 1068 3789 sed
1095 3741 1133 3798 id,
1155 3742 1222 3801 quod
1241 3742 1365 3804 aliquanto
1383 3741 1477 3790 facilius

391 3837 468 3884 aeque
487 3823 558 3869 cerba
577 3820 657 3868 sedem
678 3819 766 3867 habere
780 3822 896 3880 possunt.
945 3819 1123 3881 comprehendi
1142 3820 1229 3881 possit.
1271 3824 1423 3883 Quapropter
1441 3823 1475 3869 le·

358 3903 379 3949 l.
395 3915 416 3949 e.
432 3899 545 3948 etverha
559 3900 642 3948 inania
656 3902 721 3947 sunt.
750 3897 824 3945 Sedes
837 3898 863 3945 h.
878 3898 896 3945 1.
944 3911 1002 3961 gam
1015 3899 1053 3945 eat
1067 3898 1149 3945 tamea
1161 3925 1202 3944 -.

356 3979 445 4028 dicitur
458 3984 486 4027 ut
501 3979 570 4028 Coei.
586 3983 597 4037 5
612 3979 652 4028 30.
977 3977 1385 4026 amnemamnem-conruere
1401 3979 1475 4034 Infra,

390 4059 429 4106 20.
455 4057 507 4105 Vim
532 4071 602 4105 auam
629 4057 703 4118 atque
723 4055 896 4102 aeternitatem
944 4059 957 4112 §
981 4057 1043 4113 136,
1064 4056 1246 4117 appallateam
1260 4059 1475 4105 bonoramartiam

354 4149 503 4186 conservare,
539 4135 607 4184 Nihil
628 4135 678 4182 huc
692 4134 799 4196 pertinet
812 4147 895 4180 rernm
943 4135 1086 4204 societatem
1109 4135 1329 4199 reparationemque.
1368 4137 1475 4184 Imitatus

353 4217 504 4274 aeternitas,
533 4229 596 4276 quae
617 4213 768 4276 exspectari,
794 4225 894 4261 conser-
917 4200 920 4210 ⁶
944 4216 980 4260 est
1000 4211 1062 4260 haec
1082 4214 1186 4275 scriptor
1206 4215 1343 4264 Archianae
1360 4218 1371 4272 ξ
1386 4217 1416 4271 2,
1430 4229 1475 4262 nec

353 4295 405 4342 vari
419 4298 444 4343 et
457 4293 536 4342 amitti
546 4296 693 4354 nonpotest.
715 4291 895 4354 Legendumne
942 4289 1015 4347 scite,
1030 4305 1077 4340 nec
1090 4306 1135 4340 suo
1148 4293 1213 4341 loco.

353 4374 543 4435 intepritatem?
976 4371 1017 4417 22.
1035 4371 1065 4417 ut
1082 4370 1111 4416 td
1129 4385 1173 4418 aea
1190 4370 1257 4419 tami
1269 4372 1475 4431 etratimspime

387 4454 428 4499 21.
445 4453 500 4508 aad,
516 4452 538 4498 ai
552 4451 618 4498 llaec.
646 4451 676 4498 ln
690 4449 773 4497 multis
787 4444 894 4496 omittiri
937 4448 1068 4508 poscimur.
1081 4450 1202 4507 Quoniam
1209 4449 1471 4514 necpeculiarisaaapt·

353 4535 502 4580 monuerunt
520 4530 643 4579 Editorea.
678 4531 731 4592 Ego
745 4527 830 4576 malim
844 4529 893 4575 tol·
941 4528 1021 4574 cundi
1040 4527 1145 4577 facultas
1165 4528 1268 4592 cogitari
1287 4534 1373 4593 potest,
1390 4535 1416 4578 et
1429 4546 1471 4578 ne-

352 4611 403 4660 lere
415 4611 471 4667 red,
490 4623 552 4673 quae
560 4606 891 4663 Coniunctiomoxdemum‚
939 4606 1058 4665 cessario,
1079 4606 1121 4670 qui
1134 4607 1202 4656 tami
1213 4611 1292 4658 atrati
1304 4614 1368 4666 sunt,
1380 4608 1473 4656 altiora
