3242 5500
399 535 468 605 252

714 556 827 607 urana
852 556 1057 610 sucuunas.
1086 542 1103 621 §
1129 539 1210 609 326.

398 728 472 799 lum
510 730 606 823 quod
643 729 891 803 obscuritatem
926 730 1047 817 affert,
1084 730 1146 803 sed
1179 732 1285 803 etiam
1320 733 1418 828 quod
1448 758 1519 804 earn

397 836 584 924 virtutem,
619 863 709 934 quae
735 838 942 911 narrationis
966 846 1019 910 est
1044 840 1214 927 maxima,
1241 851 1281 915 ut
1306 842 1465 914 iucunda
1489 851 1518 913 et

397 945 443 1017 ad
472 947 756 1041 persuadendum
780 948 1041 1021 accommodata
1068 950 1130 1035 sit,
1162 949 1268 1023 tollit.
1321 950 1469 1037 Utilia,

444 1095 544 1173 Nam
569 1099 600 1172 is
619 1113 807 1196 postquam
832 1098 972 1173 excessit
995 1125 1037 1173 cc
1061 1100 1195 1196 aptatis
1218 1131 1292 1172 —:

324 1289 371 1341 aar
397 1290 504 1362 quam
530 1266 636 1361 ionga
661 1274 714 1339 est
739 1266 912 1338 narratio!
939 1290 1053 1339 mores
1076 1266 1307 1341 adolescentis
1329 1266 1462 1363 ipsius,
1486 1278 1517 1340 et

398 1375 531 1447 servilis
556 1376 788 1469 percontatio,
820 1399 913 1447 mors
940 1374 1142 1470 Chrysidis,
1168 1377 1305 1463 vultus,
1332 1387 1366 1449 et
1393 1378 1515 1463 torma,

397 1493 432 1555 et
454 1484 656 1557 lamentatio
675 1484 823 1569 sororis,
849 1483 1006 1580 reliqua,
1025 1485 1181 1579 pervarie
1198 1485 1425 1581 iucundeque
1442 1511 1514 1560 nar·

396 1601 528 1665 rantur.
582 1592 690 1669 Quod
715 1592 744 1664 si
769 1593 860 1665 hanc
886 1592 1093 1667 brevitatem
1118 1596 1334 1691 quaesisset,

444 1756 620 1851 Effertur,
646 1757 749 1844 incus,
773 1757 824 1831 ad
845 1758 1040 1855 sepulcrum
1063 1760 1234 1846 uenimus,

444 1864 492 1940 In
515 1867 631 1963 ipncm
655 1868 821 1963 troposito
845 1880 895 1941 cst
920 1908 970 1919 -

977 1928 986 1955 θ

395 2045 516 2117 decern
560 2044 740 2118 versiculis
783 2054 900 2117 totum
941 2046 1111 2118 conficere
1156 2046 1340 2141 potuisset:
1391 2073 1507 2144 quam·

396 2178 502 2252 quarn
528 2152 593 2226 hoc
617 2154 755 2250 ipsum,
781 2152 954 2247 Effertur,
978 2155 1085 2238 imur,
1110 2157 1290 2228 concisum
1311 2165 1364 2229 est
1381 2158 1451 2244 ita,
1476 2166 1512 2228 ut
1609 2223 1610 2226 ,

322 2292 369 2338 aas
395 2288 466 2335 non
490 2262 656 2336 brevitati
682 2264 849 2335 servitum
875 2266 938 2351 sit,
967 2266 1028 2337 sed
1053 2266 1167 2359 magis
1191 2267 1376 2338 venustati.
1411 2266 1511 2341 Quod
1609 2257 1610 2268 ¹

396 2374 425 2446 si
450 2372 540 2445 nihil
564 2373 707 2459 inisset,
733 2374 820 2461 nisi,
847 2374 887 2446 in
910 2373 1025 2472 iprum
1048 2374 1213 2469 imposita
1236 2388 1302 2461 eet,
1327 2383 1444 2447 tamen
1461 2400 1512 2447 res

394 2491 469 2555 tota
492 2482 656 2577 cognosci
680 2484 780 2556 facile
806 2484 989 2579 potuisset.
1019 2484 1089 2555 Sed
1113 2492 1149 2555 et
1167 2484 1394 2557 festivitatem
1411 2484 1511 2557 habet

394 2593 544 2664 narratio
578 2592 744 2666 distincta
777 2594 935 2688 personis
970 2601 1004 2664 et
1027 2594 1251 2689 interpuncta
1276 2592 1510 2677 sermonibus,

394 2711 428 2776 et
455 2710 506 2776 est
531 2710 565 2776 et
591 2701 830 2799 probabilius,
857 2702 952 2798 quod
978 2710 1116 2798 gestum
1142 2727 1217 2775 esse
1243 2702 1360 2789 dicas,
1386 2727 1509 2799 quum,

371 2813 693 2910 'quemadmodum
726 2821 845 2885 actum
875 2813 937 2899 sit,
965 2837 1139 2909 exponas,
1166 2822 1200 2885 et
1226 2814 1339 2886 multo
1362 2813 1511 2909 apertius
1608 2838 1609 2851 ¹

394 2922 439 2994 ad
475 2922 746 3018 intelligendum
789 2930 862 3007 est,
902 2923 931 2993 si
968 2923 1193 2996 constituitur
1229 2923 1435 3020 aliquando,
1473 2946 1510 2992 ac

393 3163 689 3176 *—

427 3329 483 3380 327.
502 3331 531 3376 at
544 3329 597 3376 itta.
615 3327 739 3376 Revocavi
751 3327 928 3389 hocprovnlg.

392 3408 563 3456 uidelicetitla.
582 3407 706 3468 Suspicor,
720 3405 929 3467 proutscriptum

392 3487 467 3536 tuisse
480 3490 515 3544 rt,
531 3487 597 3534 unde
611 3486 723 3533 uidelicet
737 3487 846 3534 effictum
857 3489 903 3532 est.

425 3565 647 3615 decemoerar'cutia.
662 3564 747 3621 Recte,
755 3564 889 3610 multorum
898 3564 927 3610 li·

390 3643 492 3694 brorum
513 3645 642 3705 exempio,
660 3647 719 3691 ante
732 3641 794 3690 haec
808 3642 929 3690 omittitur

391 3724 547 3784 inuasere.

424 3803 468 3849 aed
486 3802 563 3864 mopic
575 3789 706 3848 venustati.
736 3800 773 3846 De
788 3798 836 3844 hac
847 3796 928 3846 torma

391 3880 474 3927 notavi
488 3880 519 3926 ad
537 3883 549 3937 §
564 3878 621 3929 317.

425 3959 481 4006 328.
500 3958 614 4006 narratio
626 3983 659 3990 —
670 3956 829 4016 interpuncta
835 3967 927 4002 000000·

391 4037 470 4084 uibus.
505 4037 594 4084 Insunt
613 4049 672 4083 sane
692 4035 776 4095 plures
788 4046 926 4092 00000000,

390 4128 441 4163 non
449 4117 532 4162 tamen
539 4115 759 4175 pluroseermoueo,
773 4109 926 4172 quibusmu-

389 4193 452 4242 ratio
475 4192 704 4256 iuterpuupcretur.
746 4189 926 4253 Corrigendum

390 4276 435 4329 est,
450 4269 747 4332 interpunctiorerrnonio.
767 4270 925 4330 Ipsasermo-

389 4351 427 4400 nis
440 4353 528 4398 natura
542 4346 659 4397 afferebat
671 4349 744 4409 plura
757 4348 925 4408 interpuncta.

390 4429 528 4490 aliquoties
547 4427 572 4475 in
587 4441 616 4475 eo
629 4425 718 4474 vocab.
733 4431 842 4474 erratum
855 4441 925 4480 esse,

390 4507 525 4570 significavi
544 4507 570 4554 in
588 4505 695 4554 Scholia.
711 4507 838 4566 Hypomn.
852 4507 883 4552 V.
899 4521 924 4566 p.

391 4587 447 4634 ³26.
489 4587 550 4633 Tota
578 4585 639 4633 haec
666 4583 805 4634 observatio
826 4585 925 4648 attingit

979 3327 1120 3386 exemplum
1143 3325 1206 3374 illud
1226 3341 1257 3374 ex
1278 3327 1371 3375 Andria
1389 3331 1506 3375 sumtum:

977 3404 1083 3465 ideoque
1103 3404 1173 3453 initio
1193 3405 1278 3453 malim
1298 3407 1395 3468 legere,
1408 3419 1437 3452 ea
1450 3419 1505 3452 nar·

978 3484 1051 3531 ratio.

1010 3563 1033 3608 ei
1053 3563 1225 3609 constituitur.
1259 3564 1316 3610 Non
1332 3555 1421 3624 accipio
1435 3561 1507 3609 huius
1607 3606 1608 3637 3

977 3640 1089 3688 lectionis
1102 3639 1287 3698 defensionem,
1310 3656 1382 3702 qnam
1393 3640 1507 3701 proponit
1607 3648 1608 3705 ff

977 3718 1131 3777 Ellendtius,
1145 3719 1180 3766 sic
1193 3720 1366 3780 interpretans,
1380 3724 1406 3767 ut
1417 3732 1506 3765 00000·
1607 3710 1608 3723 ’

977 3797 1067 3844 tionem
1087 3798 1238 3845 constituere
1257 3798 1289 3847 sit
1305 3798 1322 3846 i.
1335 3812 1359 3859 q.
1372 3799 1397 3844 in
1408 3811 1434 3844 00
1448 3811 1504 3844 nar·

976 3875 1054 3923 randa
1075 3876 1178 3924 morari:
1200 3882 1225 3925 et
1245 3876 1294 3924 hoc
1307 3892 1363 3925 enm
1376 3889 1505 3940 agnoscere

976 3953 1121 4015 oportebat,
1145 3969 1196 4003 non
1215 3955 1308 4017 requiri
1329 3956 1354 4003 h.
1374 3958 1392 4003 1.
1403 3953 1504 4003 verbum

975 4033 1145 4090 transitivum,
1166 4048 1248 4096 neque
1266 4034 1330 4082 illud
1349 4033 1505 4083 constituitur

975 4111 1007 4158 ad
1020 4113 1189 4160 narrationem
1202 4112 1389 4174 teterrimae,
1405 4111 1446 4160 sed
1459 4125 1504 4172 per
1606 4134 1607 4153 1

975 4191 1184 4239 constructionem
1197 4191 1286 4239 reterri
1299 4191 1389 4239 debere
1401 4189 1429 4238 ad
1439 4191 1506 4250 qaod

972 4269 1069 4328 rectum
1094 4283 1147 4317 eoae
1169 4270 1246 4318 dicar.
1287 4270 1348 4318 Ideo
1367 4267 1504 4331 probandas

975 4346 1125 4405 Lambinus,
1139 4347 1182 4408 qui
1195 4347 1344 4412 excogiuvit
1356 4346 1502 4404 concinitur,

973 4424 1146 4487 impersonale,
1161 4426 1225 4475 sicut
1237 4441 1343 4488 sequens
1345 4424 1503 4488 percurritur

973 4503 1032 4552 item
1055 4506 1292 4566 impersonalem,
1314 4510 1338 4555 et
1352 4510 1364 4564 ξ
1377 4505 1435 4558 329,
1457 4505 1500 4550 tin.

973 4585 1128 4633 narrabitur.
1166 4586 1220 4648 Ego
1238 4590 1321 4634 tamen
1341 4599 1384 4648 pro
1402 4595 1500 4644 compo·
