3242 5500
381 514 425 583 88
727 537 840 587 ursus
867 538 1005 615 narnus
1031 520 1050 600 §
1075 518 1157 587 202.

381 730 435 779 res
467 714 501 779 et
530 732 633 781 eausa
663 710 837 805 postulet,
868 734 949 781 eum
970 709 1119 784 dicendo
1142 704 1196 782 vel
1220 712 1371 783 excitare
1393 712 1504 807 possit

310 834 356 882 soa
381 816 436 888 vel
473 816 603 889 sedare.
656 816 760 891 Hanc
793 818 862 890 vim
901 819 930 891 si
961 821 1041 915 quis
1063 820 1240 893 existimat
1272 829 1334 893 aut
1368 820 1415 892 ab
1441 822 1505 905 iis,

383 926 445 1021 qui
469 926 514 998 de
536 926 675 999 dicendi
697 927 832 1000 ratione
859 928 1088 1023 scripserunt,
1113 930 1308 1025 expositam
1330 954 1424 1015 esse,
1448 939 1506 1001 aut

383 1060 403 1107 a
426 1060 482 1107 me
503 1059 605 1131 possa
628 1040 756 1132 exponi
779 1043 852 1109 tam
876 1036 989 1124 brevi,
1014 1037 1238 1111 vehementer
1257 1032 1367 1126 errat,
1392 1062 1506 1135 neque

384 1144 497 1217 solum
531 1144 751 1219 inscientiam
789 1170 923 1233 meam,
961 1147 1023 1219 sed
1057 1172 1102 1219 ne
1130 1148 1180 1219 rei
1201 1148 1346 1244 quidem
1369 1148 1504 1243 magni·

382 1253 542 1326 tudinem
572 1255 756 1351 perspicit.¹
799 1254 975 1349 Equidem
1007 1256 1128 1343 vobis,
1163 1259 1331 1351 quoniam
1365 1256 1418 1328 ita
1451 1282 1506 1328 uo·

383 1362 519 1448 luistis,
542 1363 679 1449 fontes,
701 1364 796 1437 unde
819 1364 1023 1451 hauriretis,
1047 1373 1154 1460 atque
1176 1366 1303 1438 itinera
1326 1366 1405 1461 ipsa
1425 1361 1504 1461 [ita]

383 1472 504 1568 putavi
525 1496 601 1544 esse
621 1473 910 1559 demonstranda,
931 1496 1003 1546 non
1025 1482 1066 1546 ut
1085 1474 1162 1569 ipse
1182 1473 1255 1545 dux
1271 1498 1384 1546 essem
1401 1467 1507 1571 (quod

384 1590 418 1653 et
439 1582 620 1655 infinitum
641 1590 715 1668 est,
738 1590 773 1654 et
795 1606 867 1655 non
892 1583 1160 1670 necessarium),
1185 1584 1247 1656 sed
1268 1592 1308 1655 ut
1330 1608 1506 1657 common·

384 1700 530 1767 strarem
561 1698 702 1763 tantum
733 1690 848 1778 viam,
888 1701 943 1777 et,
982 1701 1022 1765 ut
1054 1693 1130 1764 fieri
1155 1692 1262 1779 solet,
1289 1691 1446 1788 digitum
1466 1692 1507 1763 ad

384 1800 498 1873 fontes
518 1800 748 1873 intenderem.

309 1915 357 1987 47
433 1910 525 1982 Mihi
552 1935 649 1998 vero,
676 1911 793 2007 inquit
818 1910 983 1998 MuciuS,
1009 1913 1093 1985 satis
1116 1935 1290 2010 superque
1312 1910 1376 1983 abs
1398 1920 1436 1984 te
1461 1911 1506 1981 vi·

312 2016 361 2063 2⁰³⁴
385 2020 489 2092 detur
511 2020 659 2093 istorum
683 2020 831 2107 studiis,
858 2022 887 2093 si
910 2021 1015 2093 modo
1037 2030 1119 2094 sunt
1144 2021 1313 2106 studiosi,
1338 2021 1507 2123 θῇς-ζειρ-

382 2136 472 2234 tum.
520 2130 635 2216 Nam,
667 2138 707 2203 ut
740 2130 917 2203 Socratem
950 2131 1051 2203 illum
1075 2131 1218 2203 solitum
1251 2130 1352 2202 aiunt
1375 2130 1507 2214 dicere,

385 2239 578 2335 perfectum
604 2238 671 2312 sibi
698 2264 786 2335 opus
815 2264 911 2326 esse,
938 2241 968 2312 si
995 2242 1075 2335 quis
1100 2242 1184 2313 satis
1206 2249 1297 2313 esset
1320 2241 1509 2311 concitatus

87 2433 90 2444 ,
139 2393 158 2459 [ι
175 2373 320 2449 ms„
387 2347 623 2423 cohortatione
647 2374 709 2421 sua
729 2349 775 2421 ad
798 2350 956 2422 studium
978 2348 1244 2452 cognoscendae
1244 2333 1507 2455 percipiendae·

28 2418 119 2513 ΜΓ(
173 2444 216 2527 ἰ’
387 2482 457 2552 que
476 2458 615 2529 vinutis
642 2457 785 2554 (quibus
808 2459 903 2531 enim
926 2459 962 2531 id
987 2483 1194 2554 persuasum
1215 2444 1326 2543 esset,
1357 2465 1400 2529 ut
1425 2456 1508 2529 nihil

387 2567 532 2639 mallent
558 2591 633 2639 esse
655 2592 712 2653 se,
738 2592 845 2664 quam
866 2567 977 2640 bonos
998 2568 1107 2654 viros,
1132 2568 1175 2640 iis
1191 2568 1363 2663 reliquam
1375 2566 1508 2639 facilem

388 2700 463 2750 esse
501 2675 730 2766 doctrinam);
767 2678 817 2752 sic
852 2702 919 2774 ego
954 2678 1132 2773 intelligo,
1168 2677 1199 2750 si
1232 2677 1270 2748 in
1295 2676 1399 2762 haec,
1425 2698 1508 2772 quae

388 2785 552 2882 patefecit
579 2787 734 2860 oratione
763 2811 827 2860 sua
849 2789 1017 2874 Crassus,
1040 2787 1169 2860 intrare
1191 2787 1393 2873 volueritn,
1418 2784 1507 2859 iacil-

390 2894 472 2967 lime
493 2919 553 2966 vos
578 2894 623 2966 ad
648 2920 705 2982 ea,
730 2921 819 2991 quae
842 2897 991 2992 capitia,
1014 2905 1240 2992 perventuros
1259 2894 1304 2967 ab
1326 2895 1394 2968 hoc
1417 2895 1509 2967 aditu

423 3231 481 3279 203.
499 3244 530 3279 ne
555 3229 594 3276 rei
617 3227 715 3290 quidem
734 3231 927 3294 mapnitadinem
975 3229 1141 3292 postularetur
1153 3227 1261 3286 itinera,
1282 3228 1471 3290 miseratis,
1484 3231 1508 3275 ut

384 3309 518 3370 perspicit.
535 3309 575 3357 Ita
587 3310 926 3372 correxeramvulgmeram,
975 3309 1025 3357 hoc
1037 3306 1367 3372 similejcssetiiiinsfoatea,
1381 3307 1448 3354 cade
1455 3305 1508 3352 laa-

390 3390 537 3446 secutusqne
564 3383 613 3432 hoc
636 3394 674 3434 est
694 3385 831 3446 Kayserus:
859 3385 926 3442 conf.
976 3387 1072 3434 rii-etia.
1096 3385 1190 3447 Igitur,
1210 3383 1313 3432 sublatis
1330 3384 1380 3432 illis
1393 3384 1510 3445 interpre-

390 3476 480 3524 supra,
495 3467 507 3521 §
525 3463 564 3512 16.
976 3465 1099 3520 tamentis,
1107 3465 1177 3511 locus
1184 3463 1219 3511 sie
1227 3463 1273 3510 erit
1280 3463 1511 3520 constituendus,-

425 3542 487 3604 [ita]
501 3540 598 3601 putaui.
617 3539 822 3602 intempestivum
835 3541 873 3588 ua
884 3538 929 3588 ab·
971 3543 1072 3605 fomes,
1087 3543 1152 3589 unde
1159 3541 1308 3598 Muriretia,
1318 3541 1509 3601 putaaieaaede·

388 3618 928 3680 sistendum,quominimepertinesseqmt.
977 3621 1161 3678 monstrandas,
1174 3635 1222 3668 ιιοπ
1232 3620 1262 3665 at
1270 3621 1323 3679 ipae
1336 3619 1389 3667 dua
1402 3634 1510 3667 easm-

418 3698 522 3758 fontes,
540 3697 605 3746 aude
618 3697 755 3745 hauriretis
773 3724 815 3745 -.
837 3698 868 3745 ln
881 3697 929 3744 hac
978 3697 1509 3758 necessariam,sedatdipitamiatenderem.

391 3777 512 3824 sententia
539 3777 668 3836 complura
693 3777 829 3824 resecanda
855 3780 928 3832 sunt,
979 3779 1100 3828 Nimirum
1118 3777 1233 3839 putidum
1253 3781 1291 3824 est
1304 3776 1353 3824 hoc
1365 3781 1510 3838 pmnemum

391 3867 454 3914 quae
474 3854 549 3902 nimia
568 3854 747 3916 interpretandi
761 3855 878 3903 sedulitas
890 3853 930 3901 in·
978 3857 1046 3918 prius
1067 3855 1199 3916 explicari,
1223 3853 1306 3902 verbis
1327 3854 1511 3902 commoriatrare

392 3932 482 3990 seruit,
503 3933 570 3980 unde
589 3931 616 3980 in
636 3934 724 3982 eadem
743 3947 771 3981 re
791 3931 830 3981 bis
842 3933 932 3993 fontes
979 3935 1057 3981 utam
1073 3947 1154 3994 neque
1167 3932 1511 3981 ineademrediversaeerant

391 4011 560 4072 appellantur,
578 4016 645 4068 tum,
666 4015 691 4059 et
704 4011 811 4069 itinera,
833 4015 859 4060 et
877 4011 930 4070 cia,
979 4012 1140 4074 metaphorae
1153 4011 1301 4068 sumendae,
1315 4014 1341 4058 et
1348 4011 1476 4070 fontium,
1490 4012 1511 4055 et

391 4094 530 4150 postremo,
545 4093 569 4137 et
582 4089 764 4148 decemuirum,
779 4093 932 4137 etcommoa-
979 4091 1087 4148 ciamm,
1101 4105 1172 4147 nam,
1186 4093 1215 4136 ut
1227 4103 1298 4146 mox,
1313 4093 1326 4147 §
1341 4091 1404 4146 205,
1419 4092 1510 4150 oporte·

391 4169 483 4214 strare.
518 4168 639 4216 Vitiosum
659 4167 766 4228 primum
784 4171 821 4214 est
833 4168 931 4228 plurale
979 4168 1023 4217 bat
1036 4169 1085 4216 hoc
1098 4168 1190 4229 plurali
1203 4181 1307 4214 numero
1321 4167 1454 4214 enunuari.
1485 4165 1511 4210 lu

392 4245 498 4303 itinera,
525 4260 646 4306 nusquam
669 4245 696 4292 in
716 4245 837 4293 eiusmodi
856 4260 929 4308 argu·
980 4247 1067 4295 eadem
1095 4244 1305 4294 demonstratione
1332 4245 1409 4294 utitur
1432 4243 1511 4292 iisdem

392 4328 476 4371 mento
491 4329 646 4384 usurpatum:
662 4338 711 4384 quo
725 4323 931 4372 modoiterrecte
980 4340 1059 4388 prope
1072 4324 1155 4373 verbis
1169 4324 1290 4373 Antonius
1304 4325 1339 4371 ll.
1354 4328 1367 4382 §
1384 4324 1441 4372 174.

392 4401 500 4460 dicatur,
515 4402 583 4463 attigi
597 4401 630 4448 ad
643 4403 722 4464 Legg.
738 4402 759 4449 I.
774 4405 786 4459 §
800 4401 844 4450 37:
858 4403 929 4463 incp·
1014 4405 1071 4450 204.
1095 4405 1126 4450 ab
1153 4404 1197 4450 tac
1216 4402 1288 4450 aditu
1307 4404 1430 4464 ianuaque
1445 4402 1512 4461 pate·

392 4484 446 4527 tum
466 4494 565 4540 quoque
586 4483 623 4528 est
643 4479 754 4527 additum
768 4481 844 4528 Pron.
859 4481 928 4539 maa.-
975 4482 1060 4542 facta.
1103 4481 1206 4542 Proprie
1226 4479 1316 4528 dicitur
1337 4483 1367 4526 ab
1386 4482 1431 4528 loc
1449 4477 1512 4525 adita

392 4561 459 4626 tum,
474 4557 493 4604 si
507 4563 589 4606 tamen
597 4572 659 4618 opus
667 4564 731 4606 esset
738 4556 831 4606 itinera
838 4559 928 4616 dicere,
976 4560 1208 4620 pervenireaiiquo,
1220 4558 1511 4606 nonitemabtsccicsaa:
