3242 5500
461 600 574 648 11111
601 600 769 651 ruamus.
800 584 817 665 §
842 584 901 652 61.
1173 584 1262 653 299.

122 777 155 839 et
179 770 334 843 multum
361 769 557 843 disiunctae
582 778 617 842 et
642 770 819 866 dispares,
845 798 957 868 quum
982 780 1098 844 tamen
1122 799 1245 847 omnes

122 901 158 947 se
194 879 397 975 philosophi
432 880 624 952 Socraticos
656 889 691 953 et
728 881 796 953 dici
820 882 968 966 vellent,
997 890 1030 954 et
1053 907 1128 955 esse
1151 883 1243 955 arbi·

121 994 309 1077 narentur,

168 1096 225 1170 Ac
260 1099 373 1192 primo
408 1097 451 1170 ab
485 1100 561 1195 ipso
596 1098 742 1172 Platone
776 1100 984 1173 Aristoteles
1010 1108 1044 1172 et
1066 1098 1243 1173 Xenocra·
1274 1122 1318 1191 17

119 1216 194 1292 tes,
233 1232 382 1303 (luorum
419 1208 505 1279 alter
539 1208 873 1304 Peripateticorum,
910 1209 998 1281 alter
1034 1209 1244 1282 Academiae
1271 1246 1302 1291 62

119 1340 250 1387 nornen
285 1317 452 1390 obtinuit.
504 1317 643 1387 Deinde
678 1317 721 1388 ab
754 1318 986 1403 Antisthene,
1023 1318 1085 1413 qui
1107 1319 1243 1414 patian-

119 1426 208 1497 tiam
233 1434 268 1498 et
292 1426 458 1497 duritiam
484 1425 520 1497 in
548 1426 720 1498 Socratico
744 1451 903 1499 sermone
925 1429 1077 1499 maxime
1103 1428 1242 1499 adama-

118 1542 192 1620 rat,
231 1535 356 1629 Cynici
383 1536 558 1631 primum,
585 1536 712 1607 deinde
738 1536 856 1608 Stoici.
909 1537 999 1607 'lum
1024 1535 1067 1607 ab
1089 1537 1242 1631 Aristip-

118 1669 185 1740 p0,
224 1669 330 1740 quern
362 1644 443 1716 illae
475 1645 588 1740 magis
610 1646 824 1740 voluptariae
850 1645 1103 1741 disputationes
1128 1645 1241 1717 delec-

118 1763 257 1839 tarant,
294 1754 484 1849 Cyrenaica
518 1754 740 1850 philosophia
774 1742 947 1841 manavit,
986 1779 1093 1850 quam
1125 1755 1184 1827 ille
1209 1765 1243 1827 11

119 1865 195 1935 eius
230 1864 360 1960 posteri
394 1863 597 1959 simpliciter
627 1864 880 1948 defenderunt,
907 1864 953 1950 ii,
981 1865 1042 1959 qui
1066 1888 1161 1935 nunc
1185 1889 1241 1935 vo-

118 1975 254 2070 luptate
290 1972 409 2045 omnia
442 1973 652 2058 metiuntur,
687 1972 772 2044 dum
795 1973 1026 2045 verecundius
1050 1974 1088 2045 id
1112 1982 1241 2069 agunt,

117 2108 183 2155 nec
218 2083 384 2179 dignitati
409 2082 647 2168 satisfaciunt,
675 2107 781 2178 quem
805 2108 875 2154 non
899 2090 1151 2179 aspernantur,
1178 2107 1243 2155 nec

110 2193 339 2287 uoluptatem
364 2200 526 2277 tuentur,
554 2216 660 2287 quam
683 2192 874 2287 amplexari
897 2192 1032 2264 volunt.
1083 2193 1242 2264 Fuerunt

118 2303 226 2373 etiarn
260 2302 328 2373 alia
363 2325 491 2395 genera
523 2300 835 2397 philosophorum,
872 2301 934 2396 qui
952 2324 1002 2373 „se
1024 2326 1146 2373 omnes
1171 2302 1243 2372 lere

119 2412 315 2483 Socraticos
354 2435 428 2482 esse
471 2409 654 2496 dicebant,
693 2410 949 2496 Eretricorum,
989 2409 1241 2495 Herilliorum,

119 2520 402 2615 Megaricorum,
447 2519 747 2614 Pyrrhoneorum:
784 2520 842 2590 sed
883 2544 922 2591 ea
961 2515 1100 2614 [horum
1137 2520 1171 2591 vi
1207 2530 1242 2591 et

119 2624 438 2725 disputationibus]
476 2636 557 2700 sunt
585 2629 655 2700 iam
677 2628 740 2700 diu
761 2628 870 2699 lracta
895 2636 930 2700 et
955 2630 1137 2701 exstincta.
1188 2630 1243 2701 Ex
1271 2669 1302 2715 03

118 2739 190 2812 illis
227 2748 346 2811 autem
379 2763 469 2834 quae
489 2746 690 2824 remanent,
717 2761 756 2809 ea
780 2734 1021 2834 philosophia,
1049 2764 1138 2835 quae
1168 2765 1243 2810 sus-

118 3037 179 3084 dum
200 3035 226 3082 in
247 3034 392 3088 antecedd.,
402 3033 587 3094 proseminatae
599 3035 659 3080 ruat
707 3031 814 3082 rendum
841 3035 868 3079 ut
895 3031 949 3092 quis
970 3031 1065 3080 dicatur
1085 3033 1107 3081 ei
1121 3034 1246 3098 franqere

118 3115 191 3176 quari
211 3113 330 3174 familiae
345 3111 545 3172 philosophorum
564 3113 657 3158 dicaea-
705 3124 796 3174 qaaere
818 3109 1027 3170 philosophorum.
1068 3112 1137 3159 Solet
1163 3120 1245 3161 autem

118 3194 212 3240 tientes
231 3210 280 3236 -.·
302 3190 365 3237 illud
383 3191 452 3250 quari
465 3189 586 3237 rationem
601 3191 657 3237 nul·
709 3189 797 3238 Cicero
823 3188 889 3236 istud
904 3188 1030 3248 fraupere
1048 3188 1075 3236 in
1095 3190 1168 3238 simili
1187 3206 1244 3238 sen·

117 3272 170 3318 lam
190 3257 282 3326 habet,
304 3268 350 3316 nisi
371 3268 455 3316 addito
475 3267 519 3315 illo
534 3268 657 3317 Genitivo,
707 3266 784 3316 tentia
804 3266 857 3316 sine
877 3266 961 3314 addito
973 3266 1081 3315 ablativo
1095 3283 1203 3329 ponere,
1218 3276 1246 3319 ut

118 3349 160 3397 Sic
180 3362 253 3404 mox,
275 3351 287 3404 §
311 3348 355 3404 62,
376 3346 426 3393 alia
443 3346 659 3409 9111111ὴί11-
707 3345 761 3393 Fin.
775 3347 806 3392 V.
822 3350 835 3403 5
850 3345 983 3401 23,0ffic.
998 3346 1019 3393 Ι.
1035 3350 1047 3404 ξ
1063 3347 1086 3394 6.
1111 3347 1246 3408 Propterea

112 3427 232 3488 phorum.
706 3423 752 3470 iste
766 3421 904 3470 abiicienda
918 3426 983 3470 sunt.

154 3507 195 3554 62.
214 3518 319 3567 quorum
333 3504 445 3550 alter-
462 3502 577 3550 obtinuit.
611 3502 659 3550 Vix
742 3502 781 3549 63.
806 3501 944 3549 sentcntiae
972 3501 1059 3562 [etque
1078 3502 1243 3564 eloquentiae]

117 3582 253 3640 credibile,
274 3587 302 3630 ut
316 3581 541 3641 Peripateticorum
555 3585 580 3628 et
592 3577 657 3628 Aca·
702 3578 852 3640 principem.
871 3578 931 3636 Quis
944 3592 995 3625 non
1009 3577 1098 3639 probet
1108 3581 1246 3627 sententiae

118 3661 215 3709 demiae
228 3661 329 3708 nomina
342 3660 376 3708 ita
387 3660 451 3708 inter
465 3673 491 3708 se
506 3658 657 3708 distinxerit:
702 3657 845 3718 principem
858 3656 885 3702 iu
897 3656 1006 3704 acuatu?
1030 3656 1080 3704 Sed
1093 3659 1246 3718 eloquentiae

117 3746 144 3790 et
158 3739 283 3802 suspicor,
298 3737 657 3802 legendumesseAcademico-
702 3736 844 3796 1111111111
864 3748 1012 3795 quemquam
1029 3736 1157 3797 appellare
1170 3751 1244 3783 num·

117 3833 191 3878 rum,
211 3818 304 3879 quippe
316 3816 427 3877 reliquae
441 3830 538 3877 quoque
551 3815 659 3863 familiae
708 3828 781 3875 quam
801 3813 828 3860 in
848 3813 958 3860 animum
977 3813 1074 3862 induxit
1095 3814 1182 3863 Cicero
1199 3815 1245 3877 (de

117 3897 163 3946 tali
183 3896 291 3944 nominis
311 3895 391 3943 forma
411 3895 581 3957 designantur.
619 3895 658 3942 De
708 3907 757 3953 quo
777 3905 852 3952 supra
871 3891 920 3941 iam
940 3891 1039 3949 notavi,
1060 3892 1092 3940 ad
1112 3893 1134 3940 1.
1156 3897 1168 3950 1
1191 3893 1244 3956 13).

118 3975 297 4038 appellatione,
305 3988 337 4022 ex
343 3973 391 4021 loci
398 3972 497 4020 nomine
504 3971 579 4030 facta,
591 3985 657 4028 mox,
708 3969 757 4018 Sed
770 3983 802 4016 ne
816 3969 917 4016 omnino
932 3969 1031 4029 quidem
1045 3985 1074 4017 11
1087 3970 1180 4018 mentio
1192 3971 1243 4019 111.

119 4059 131 4114 5
152 4056 210 4111 109,
225 4058 250 4102 11
264 4053 342 4100 Aced.
357 4053 425 4100 Post.
440 4052 461 4098 1.
476 4054 489 4108 1
522 4049 545 4099 7.
707 4053 764 4109 apta
786 4051 838 4104 est,
860 4060 936 4107 quum
956 4048 1037 4110 agitur
1057 4049 1089 4097 de
1101 4049 1148 4096 viri
1162 4049 1245 4112 gravi-

153 4147 225 4194 quem
245 4131 304 4178 illae
318 4130 395 4190 macie
408 4129 560 4190 voluptariae
573 4128 657 4187 dispu-
707 4130 757 4174 tate
778 4130 803 4174 et
823 4125 932 4173 muneris
946 4126 1075 4188 dignitate.
1110 4127 1171 4176 Ideo
1184 4127 1245 4176 mihi

113 4212 226 4260 ,taliones
240 4209 403 4258 delectarent.
422 4209 504 4265 Quare
518 4208 594 4258 illae?
607 4220 658 4253 non
706 4204 749 4252 illa
762 4202 840 4252 verba
853 4204 1002 4265 interpolata
1015 4204 1139 4252 videntur.

117 4294 190 4338 erant
208 4303 252 4336 eae
265 4301 326 4350 prae
340 4286 427 4334 ceteris
441 4285 563 4348 cognitae.
597 4285 657 4332 For·
743 4283 792 4344 [et]
810 4284 1244 4342 quemauctacem-eaaeuelumua.

117 4374 183 4416 tasse
197 4366 389 4429 corrigendum,
404 4365 476 4411 aliae.
707 4360 857 4409 Tollendum
870 4362 964 4417 eratet,
979 4359 1104 4421 quoniam,
1116 4358 1243 4420 (1111111111-

154 4447 254 4508 [luorum
270 4446 294 4492 ei
308 4445 334 4490 el
347 4440 577 4503 disputationibus]
601 4442 657 4488 Non
706 4439 836 4495 iiciuntur,
851 4453 902 4486 non
915 4438 961 4486 nisi
979 4438 1169 4501 descriptionem
1183 4452 1243 4486 cou-

117 4531 222 4586 apparet
236 4523 278 4584 qui
291 4523 341 4570 sint
355 4523 380 4568 ti
388 4555 395 4578 ‚
414 4535 518 4581 quorum
532 4519 554 4565 ui
568 4521 593 4566 et
607 4519 656 4565 dle·
707 4517 786 4564 tinent
799 4516 852 4564 eius
864 4517 926 4572 viri,
941 4531 1012 4579 quern
1025 4518 1165 4579 quaerebat.

111 4605 289 4664 putationibus
301 4601 348 4650 ista
357 4600 448 4661 sraela
462 4600 518 4648 sint.
553 4600 606 4646 Nec
619 4597 656 4644 fe·
741 4609 789 4642 aaa
808 4596 872 4642 euim
893 4595 1028 4654 repelletur
1048 4593 1118 4652 iude,
1140 4608 1188 4660 quo
1202 4611 1243 4659 op·
