3242 5500
490 556 604 605 rrena
631 556 769 605 rarnns
796 538 815 618 §
840 538 921 607 209.
1225 539 1268 607 91

147 736 205 799 tur
233 723 295 822 [ue
320 727 438 821 vagari
462 733 497 797 et
521 749 633 799 errare
661 734 806 821 cogatur
827 726 954 811 oratio,
980 726 1010 798 si
1028 726 1070 811 ii,
1099 728 1160 822 qui
1179 729 1273 801 inter

148 862 184 909 se
213 834 459 919 dissenserint,
496 859 567 906 non
597 834 692 907 idern
722 858 796 907 esse
825 835 930 920 illud,
962 859 1033 930 quo
1062 834 1107 909 de
1134 838 1271 932 agitur,

146 938 378 1039 intelligant]
422 944 514 1016 Nam
549 944 578 1015 si
598 944 689 1015 forte
712 952 952 1038 quaereretur,
983 968 1073 1039 quae
1106 955 1197 1019 esset
1217 972 1271 1021 ars
1298 975 1345 1020 am

145 1052 381 1149 imperatoris,
406 1050 689 1125 constituendum
702 1059 864 1148 putarem
875 1052 1064 1148 principie,
1088 1054 1168 1149 quis
1180 1066 1272 1131 esset

146 1164 351 1257 imperatum
390 1161 452 1257 qui
489 1185 599 1257 quum
636 1170 726 1233 esset
763 1162 974 1234 constitutus
1010 1163 1272 1237 administrator

144 1270 291 1366 quidam
327 1269 411 1343 belli
448 1270 611 1365 gerendi,
645 1279 723 1343 tum
754 1270 984 1365 adiungerem
1020 1271 1065 1343 da
1099 1274 1270 1360 exercito,
1336 1316 1339 1320 ·

145 1381 189 1452 de
223 1379 362 1463 castris,
398 1374 442 1451 de
476 1378 698 1475 agminibus,
733 1379 777 1451 de
803 1380 984 1475 signorum
1008 1381 1270 1469 collationibus,

144 1490 188 1562 de
218 1489 430 1585 oppidorum
460 1488 800 1585 oppugnationibus,
833 1489 877 1562 de
906 1499 1120 1576 commeatu,
1150 1491 1270 1565 dein·

145 1600 244 1671 eidiis
272 1597 440 1684 iaciendis
463 1604 570 1693 atque
594 1598 762 1683 vitandis,
791 1599 835 1669 de
858 1599 1003 1693 reliquis
1028 1598 1151 1696 rebus,
1181 1626 1272 1696 quae

145 1716 264 1781 essent
292 1707 451 1803 propriae
475 1706 559 1779 belli
583 1706 872 1793 administrandi,
899 1732 1047 1803 quarum
1072 1708 1272 1803 quiessent

144 1819 264 1890 animo
297 1825 332 1888 et
358 1816 502 1889 scientia
526 1824 720 1912 compotes,
748 1841 805 1889 eos
831 1840 907 1889 esse
930 1817 1154 1912 imperatores
1180 1818 1272 1891 dice·

144 1952 235 1999 rem:
267 1934 453 2021 utererque
482 1926 650 2021 exemplis
680 1924 927 1999 Africanorum
957 1934 993 1998 et
1016 1922 1270 2003 Maximorumr

146 2035 428 2132 Epaminondam
466 2043 571 2130 atque
608 2032 868 2121 Hannibalem,
907 2041 1011 2129 atque
1034 2035 1109 2107 eius
1134 2038 1273 2131 generis

147 2145 307 2217 homines
344 2144 573 2215 nominarem.
627 2144 688 2215 Sin
723 2152 842 2217 autern
878 2166 1146 2239 quaereremus,
1193 2143 1273 2242 quis
1299 2171 1345 2217 211

146 2262 238 2327 esset
276 2254 326 2339 ie,
362 2254 423 2348 qui
458 2253 503 2323 ad
536 2252 813 2348 rempublicam
837 2252 1086 2325 moderandam
1110 2278 1214 2326 usum
1237 2264 1273 2328 et

148 2363 331 2435 scientiam
364 2370 399 2434 ct
430 2362 588 2434 studium
618 2386 720 2433 suurn
751 2362 973 2446 contulisset,
999 2361 1182 2435 definirem
1206 2363 1272 2437 hcc

148 2472 270 2556 made,
296 2470 374 2566 qui,
398 2468 527 2567 quibus
549 2470 655 2542 rebus
678 2470 812 2543 utilitas
836 2471 887 2545 rei
911 2469 1075 2564 publicae
1093 2482 1274 2567 pararetur

147 2588 422 2675 urgereturque,
450 2588 601 2664 teneret,
625 2580 738 2675 iisque
750 2588 918 2664 uteretur,
942 2579 1099 2652 hunerei
1111 2581 1272 2677 publicae

147 2698 318 2763 rectorem
353 2695 387 2761 at
422 2688 559 2760 consilii
588 2688 721 2784 publici
750 2696 928 2762 auctorem
952 2712 1027 2762 csse
1052 2688 1271 2766 habendum:

147 2798 455 2894 praedicaremque
484 2798 524 2870 P.
557 2798 765 2884 Lentulum,
796 2798 991 2893 principem
1013 2798 1131 2885 illum,
1157 2809 1192 2874 et
1218 2802 1270 2874 Ti.

148 2907 365 2992 Gracchum,
396 2915 548 3003 patrem,
580 2915 613 2978 et
642 2908 676 2983 Q
699 2907 901 2993 Metellum,
928 2915 963 2978 et
985 2906 1024 2979 P.
1049 2907 1272 2996 Africanum,

147 3026 182 3090 et
207 3018 249 3090 C.
286 3016 466 3102 Laelium,
492 3025 525 3088 et
550 3016 823 3088 innumerabiles
845 3016 931 3088 alios
956 3041 1066 3112 quum
1089 3043 1132 3090 ex
1155 3027 1273 3092 nostre

146 3127 304 3212 civitate,
329 3135 406 3198 tum
434 3150 477 3198 ex
505 3126 639 3199 ceteris.
680 3126 743 3210 Sin
768 3135 887 3198 autern
909 3134 1151 3222 quaereretur,
1177 3130 1272 3224 quis·
1299 3163 1348 3210 212

179 3339 239 3385 211.
257 3336 298 3383 sia
317 3337 399 3384 autem
416 3349 589 3398 quaereremur
600 3363 643 3384 —.
658 3337 688 3385 Iu
738 3341 780 3386 aut
800 3335 924 3385 facultatis
937 3337 1037 3384 nomine
1050 3337 1217 3397 contineatur,
1232 3342 1277 3389 sed

147 3415 219 3464 huius
240 3416 379 3464 sententiae
399 3413 480 3462 forma
493 3414 597 3462 discedit
610 3417 687 3463 Anto·
738 3415 871 3464 voluntatis
896 3419 994 3462 tantum
1014 3419 1040 3463 et
1057 3430 1118 3462 urus
1138 3421 1163 3464 et
1182 3417 1275 3478 atttriti,

147 3494 201 3544 nius
215 3509 230 3542 a
243 3493 360 3553 reliquis,
375 3507 451 3553 quum
459 3497 483 3540 et
491 3493 564 3540 modo
572 3493 688 3550 oratorie,
737 3493 805 3554 quod
824 3494 878 3554 quis
899 3507 929 3540 eo
949 3493 1074 3540 conterat:
1095 3499 1148 3541 tum
1162 3495 1276 3546 dubitare

147 3586 177 3620 ex
190 3587 251 3634 mcx
264 3570 329 3618 taric
340 3571 453 3628 concultt,
468 3575 493 3618 ct
500 3571 604 3618 aliorum
610 3571 689 3633 ipsam
737 3571 809 3626 lieet,
826 3585 857 3618 an
871 3571 971 3632 proprie
985 3571 1094 3629 dicatur,
1108 3573 1275 3633 utatudium,

147 3651 342 3714 appellationem
360 3647 391 3696 ab
404 3648 474 3696 initio
488 3653 608 3710 poneret;
622 3663 689 3697 nunc
736 3649 770 3696 ita
790 3663 862 3696 mam
875 3652 900 3696 et
912 3650 1040 3696 erientiam
1054 3650 1137 3710 aliquo
1151 3652 1275 3712 conferre.

146 3745 197 3778 nou
210 3742 291 3777 uuum
304 3726 454 3776 vocabulum
468 3727 689 3788 deliniendumpo-
738 3726 852 3775 Advertit
871 3740 912 3774 me
926 3725 974 3773 hcc
986 3739 1100 3786 qunque,
1115 3728 1182 3787 qued
1195 3730 1276 3777 statim

146 3807 196 3866 nit,
218 3807 266 3856 sed
279 3806 328 3854 hoe
342 3804 453 3867 plmibus
467 3803 549 3853 verbis
563 3807 688 3866 complec-
736 3804 824 3852 iisdem
853 3803 936 3852 verbis
962 3804 1093 3853 inchoatur
1121 3807 1275 3866 proximum,

145 3887 217 3943 titur,
239 3885 278 3942 ta,
300 3885 342 3946 qui
362 3884 396 3931 ad
414 3894 504 3944 remp.
519 3909 565 3941 —,
580 3882 690 3947 (poterat
740 3887 752 3941 ξ
779 3884 841 3940 212,
868 3884 908 3930 aa
933 3882 1017 3930 autem
1043 3885 1207 3943 quaereretur
1226 3908 1275 3933 —-:

146 3968 229 4012 autem
243 3962 424 4010 moderatorem
437 3961 689 4022 reipubltcceappel-
737 3975 828 4022 perro,
855 3961 923 4021 quod
942 3966 1040 4022 praeter
1060 3963 1230 4010 necessitatem
1250 3963 1276 4011 iu

145 4043 213 4100 lare,
234 4045 265 4090 ut
285 4039 346 4090 fecit
365 4041 391 4088 in
411 4041 455 4089 ΨΟ
468 4041 506 4088 De
521 4041 558 4088 Re
571 4038 688 4088 Publica:
737 4044 843 4100 utraque
862 4044 933 4100 parte
952 4039 1089 4088 sententiae
1108 4040 1146 4087 rei
1161 4043 1277 4100 publicae

146 4119 380 4179 conferendumque
394 4119 434 4177 id,
449 4119 517 4180 qued
529 4117 634 4180 legimus
648 4131 688 4166 su·
738 4132 830 4166 nomen
843 4119 952 4179 ponitur.
970 4118 1016 4166 His
1029 4119 1060 4166 de
1067 4119 1146 4167 causis
1153 4120 1277 4180 suspicor,

145 4210 203 4258 pra,
219 4201 232 4255 §
250 4195 303 4260 8.);
317 4196 343 4244 iu
357 4209 406 4258 quc
419 4197 468 4246 hcc
481 4211 578 4258 quoquc
592 4201 690 4258 praeter
738 4195 810 4243 huius
838 4195 886 4242 leci
910 4196 1048 4258 ingressum
1067 4197 1148 4257 ipsum
1168 4199 1278 4247 molestis

97 4307 107 4322 e
146 4275 360 4337 exspectationem
387 4276 490 4333 accidit,
514 4275 581 4336 quod
601 4274 625 4322 in
645 4275 690 4323 illo
739 4273 912 4322 additamentis
924 4273 1044 4322 refertum
1058 4289 1119 4322 esse.

145 4353 291 4402 definiendo
317 4352 376 4402 dicit
397 4355 438 4415 qai
460 4355 618 4410 contulisset,
640 4368 690 4400 non
772 4353 830 4398 212.
847 4352 882 4398 ad
899 4353 1027 4414 mentam.
1061 4354 1179 4400 Ernestue
1200 4355 1275 4402 corri-

146 4433 189 4492 qai
210 4432 344 4492 conferat:
368 4437 392 4480 ct
413 4432 461 4480 ho'c
481 4445 580 4493 quoque
599 4431 691 4479 miran-
739 4428 814 4492 gebat
826 4430 861 4476 od
871 4429 1041 4486 arridendum,
1058 4430 1136 4478 fretus
1149 4431 1205 4479 loco
1219 4434 1275 4480 Mu·

147 4509 222 4567 dnm,
237 4510 321 4571 ipsum
333 4510 397 4558 illud
409 4511 577 4560 definiendum
590 4510 689 4570 sicpre·
738 4523 792 4557 ren.
815 4513 827 4567 5
851 4511 894 4565 19,
912 4506 956 4556 ubi
968 4508 1012 4557 illa
1025 4507 1111 4556 militia
1124 4507 1219 4558 urbana
1231 4511 1275 4560 de-

146 4588 220 4646 poni,
245 4602 296 4636 nou
319 4593 346 4636 ut
360 4589 441 4650 aliquo
454 4588 580 4650 perfectae
595 4587 690 4637 virtutis
739 4585 866 4645 scribitur,
889 4586 1065 4647 respondendi,
1082 4587 1220 4647 scribendi,
1235 4603 1276 4638 ca-
