3242 5500
660 959 717 1052 M.
753 961 936 1051 TULLII
968 957 1239 1048 CICERONIS

492 1268 653 1376 DE
737 1261 1404 1372 ORATORE

802 1555 903 1603 LIBER
925 1554 1111 1603 SECUNDUS.

890 1801 1018 1826 ⁸⁴⁰⁶·-

441 1992 572 2115 iiagna
607 2016 709 2087 nobis
734 2016 874 2112 pueris,
902 2016 1038 2091 Quinte
1065 2015 1193 2101 frater,
1217 2015 1247 2087 si
1271 2018 1440 2089 memoria
1462 2026 1506 2088 te·

355 2162 365 2205 1
393 2152 475 2214 nes,
513 2126 633 2223 opinio
669 2126 736 2198 suit
770 2124 812 2197 L.
841 2124 1007 2198 Crassum
1039 2148 1110 2196 non
1143 2125 1224 2220 plus
1252 2126 1413 2220 attigisse
1435 2124 1506 2197 doo-

393 2240 527 2323 trinae,
566 2260 673 2331 quam
720 2243 894 2330 quantum
917 2234 1032 2330 prima
1056 2233 1116 2305 illa
1140 2234 1268 2329 puerili
1292 2234 1508 2306 institutione

394 2348 587 2444 potuisset,
623 2345 674 2417 M.
705 2352 822 2415 autem
846 2343 1044 2416 Antonium
1066 2343 1209 2417 omnino
1233 2344 1348 2414 omnis
1370 2342 1507 2418 eruditi·

394 2458 472 2529 onis
509 2462 685 2550 expertam
720 2461 827 2549 atque
861 2454 1026 2548 ignarum
1048 2452 1174 2529 fuisse:
1201 2459 1370 2548 erantque
1390 2451 1508 2535 multi,

431 2763 453 2808 1.
466 2760 672 2822 erantqaemaiti,
681 2760 731 2822 qni,
747 2773 933 2820 quamquam-

393 2841 593 2897 arbitrarentur,
610 2840 691 2886 tamen
704 2865 737 2871 —
745 2836 932 2897 praedicarent.

395 2919 425 2967 ln
452 2922 520 2966 recta
547 2917 657 2965 oratione
690 2915 813 2963 dicaretur
845 2915 932 2972 matti,

395 3009 541 3058 quemqnam
570 2994 774 3051 arbitrabantur,
802 2994 932 3052 praediea-

395 3075 466 3122 baat:
474 3087 549 3130 nunc,
558 3077 659 3135 propter
669 3085 812 3133 suspensam
818 3070 933 3129 formam,

395 3167 426 3200 ex
439 3155 513 3199 erant
527 3153 576 3213 qai,
590 3165 735 3214 quamquam
746 3151 860 3199 adsciscit
868 3151 933 3199 Con·

395 3230 541 3278 iunativum.
554 3229 631 3278 Utilia
639 3229 759 3290 quaedam
767 3229 798 3276 de
806 3228 933 3276 hacdisci·

395 3308 683 3370 plinamonuitBeiarua,
699 3308 794 3356 Introd.
803 3307 835 3356 ad
843 3306 890 3355 Lib
898 3308 934 3355 Π.

397 3388 428 3435 de
442 3385 534 3436 Officiis
548 3401 573 3447 p.
588 3388 615 3434 4:
631 3386 674 3434 sed
689 3400 765 3446 quum
779 3386 876 3434 soleant
888 3384 936 3433 viri

396 3464 471 3523 docti,
479 3465 610 3526 quumalii,
618 3464 817 3526 tumZumptius,
825 3467 936 3513 Gramm.

397 3548 409 3602 ξ
425 3544 482 3601 574,
497 3544 603 3600 tradere,
615 3543 834 3602 temerehocfieri,
849 3544 935 3605 explo-

345 3657 348 3666 ,
395 3621 935 3683 remusunumalterumqueloeum,utratio-

341 3738 343 3742 .
396 3715 455 3750 nem
475 3700 565 3748 servari
591 3701 787 3748 demonstremus
809 3700 838 3748 iis
859 3699 935 3758 looIs,

398 3777 486 3840 quibus
508 3782 618 3826 utuntur.
633 3778 672 3826 Ad
688 3778 745 3827 Div.
761 3780 835 3826 XIII.
852 3780 892 3826 68.
909 3780 934 3825 l:

399 3870 473 3918 qnae,
488 3870 633 3917 quamquam
647 3871 678 3904 ear
685 3859 823 3916 mattispro
835 3859 935 3905 tarela-

399 3936 476 3982 ritate
496 3935 610 3991 audiam,
634 3935 715 3982 tamen
733 3935 892 3982 libentiorime
905 3947 937 3980 ear

352 4067 355 4073 .
400 4014 450 4060 tais
471 4012 552 4060 literis
572 4026 727 4072 enarrasearn:
745 4013 772 4061 in
786 4013 823 4060 his
837 4014 937 4060 audiam

399 4093 518 4139 Futurum
539 4091 619 4138 indic.
640 4081 686 4139 est.
708 4092 776 4141 Orat.
797 4092 845 4139 III.
861 4095 873 4149 §
889 4091 935 4150 27,

399 4183 546 4232 quamquam
558 4196 591 4204 -
600 4171 740 4228 tribnatar,
754 4168 886 4218 vindicabo
893 4171 936 4217 ln-

399 4247 541 4295 dieativum.
565 4250 663 4295 Muren.
679 4253 690 4306 §
706 4249 750 4306 20,
766 4251 867 4310 aanor:
881 4263 936 4298 rec-

400 4327 492 4374 tissime
510 4326 641 4388 corrigitur
661 4323 692 4373 ab
713 4327 818 4374 Ernesto
839 4329 936 4388 loquor,

399 4403 520 4467 probante
542 4403 687 4452 Matthiaeo.
708 4406 780 4452 Tuso.
802 4407 833 4452 V.
855 4409 867 4463 §
890 4409 936 4462 85,

400 4497 545 4546 quamquam
560 4484 624 4529 enim
636 4483 688 4530 rint
701 4484 727 4528 ia
735 4483 877 4544 quibasdam
885 4500 936 4531 ma·

401 4562 432 4608 ta'a
451 4583 501 4608 -:
530 4560 556 4608 in
582 4559 670 4623 quibus
692 4561 869 4610 Coniunctivus
890 4562 938 4610 hae

980 2758 1075 2809 ratione
1093 2757 1261 2819 eapiteandas.
1297 2756 1463 2806 constituerat
1474 2757 1510 2805 Ci-

982 2852 1039 2885 cero
1052 2838 1208 2898 praeclarum
1220 2835 1283 2882 illud
1297 2835 1426 2883 decretum
1432 2834 1510 2882 beatae

982 2915 1062 2971 vitae,
1086 2914 1152 2962 hano
1171 2913 1197 2960 in
1217 2913 1308 2961 virtute
1328 2913 1435 2979 positam
1452 2926 1511 2969 asse,

982 2993 1151 3048 demonstrare
1178 2991 1288 3040 omnium
1315 2991 1512 3054 philosophorum

983 3070 1109 3119 sententiis
1122 3070 1255 3118 convenire
1269 3069 1350 3135 (coni.
1362 3068 1423 3117 ibid.
1439 3074 1451 3127 ξ
1466 3066 1512 3129 si).

982 3149 1066 3212 igitur,
1080 3149 1454 3210 adPeripatetioosprogressus,
1468 3147 1512 3203 his,

988 3227 1085 3288 Inquit,
1108 3227 1165 3274 lieet
1172 3227 1264 3289 facere
1277 3228 1318 3285 a'd,
1334 3228 1466 3290 quodfere
1472 3223 1513 3284 sa·
1549 3239 1553 3248 ¹

984 3308 1062 3363 etant,
1076 3307 1107 3353 at
1115 3307 1264 3370 araritatem
1271 3305 1463 3366 dignitatemque
1470 3303 1512 3352 rir-

986 3386 1049 3434 tatia
1061 3385 1210 3448 eaaaqerent
1216 3401 1227 3438 ,·
1248 3398 1321 3452 qnam
1335 3385 1412 3445 qaam
1424 3384 1457 3430 ad
1468 3396 1512 3430 coe

986 3465 1036 3510 lam
1055 3464 1195 3510 samanar
1214 3460 1276 3526 (leg.
1298 3459 1469 3519 obruamur),
1485 3485 1514 3494 -

985 3542 1081 3602 reliqna
1101 3555 1133 3588 ea
1153 3540 1282 3588 rotatione
1292 3541 1377 3600 facile
1390 3541 1429 3586 eat
1440 3540 1513 3587 aare·

985 3632 1042 3666 rere
1055 3621 1130 3680 atque
1142 3619 1311 3666 rontemnere:
1330 3633 1375 3670 neo
1388 3619 1451 3665 enim
1465 3616 1514 3663 aad

985 3696 1031 3754 iis,
1053 3697 1094 3758 qai
1116 3698 1212 3749 landem
1229 3711 1285 3745 enm
1298 3697 1381 3747 dolore
1390 3695 1514 3756 petendam

985 3788 1037 3822 ease
1049 3775 1142 3833 deant,
1157 3790 1257 3843 seqare,
1271 3777 1465 3831 eoaeaaebeatrr,
1478 3770 1515 3834 qai

985 3855 1054 3904 ittam
1065 3855 1148 3914 adepti
1158 3857 1233 3901 nant:
1249 3868 1396 3916 mammeam
1402 3852 1464 3900 enim
1469 3851 1514 3898 rint

985 3932 1012 3978 in
1026 3932 1168 3994 quibasdam
1181 3933 1267 3989 matis,
1286 3934 1368 3979 tamen
1381 3933 1426 3980 irae
1439 3942 1514 3976 nomer

986 4011 1051 4058 beati
1065 4013 1133 4079 Ionae
1152 4011 1177 4058 et
1192 4011 1242 4058 late
1253 4010 1336 4072 patet.
1370 4012 1407 4058 Eo
1420 4012 1486 4066 loeo,
1498 4005 1514 4053 si

986 4090 1045 4136 mat
1065 4089 1167 4153 legitur,
1189 4094 1291 4151 propter
1311 4089 1424 4148 syntaxin
1437 4098 1514 4134 neces·

986 4169 1051 4216 sario
1063 4168 1218 4230 intelligendi
1232 4172 1289 4216 sunt
1302 4168 1349 4229 ipsi
1362 4168 1395 4225 ii,
1409 4167 1425 4213 i.
1440 4181 1462 4213 a.
1473 4166 1514 4212 Pe·

985 4247 1120 4309 ripatetioi:
1135 4246 1194 4304 sed,
1209 4239 1355 4311 quemqnam
1367 4245 1420 4292 sint
1432 4243 1515 4305 pendet

986 4323 1018 4373 ab
1033 4325 1158 4373 Infinitivo
1174 4339 1230 4373 cum
1244 4315 1333 4382 Aecus.
1348 4325 1402 4388 (eoa
1412 4323 1514 4370 esseben·

987 4402 1050 4467 tar),
1067 4403 1172 4465 ideoque
1184 4405 1323 4465 postulatur
1337 4399 1514 4450 Coniunctivus.

987 4484 1017 4530 In
1029 4483 1146 4540 Oratore,
1161 4487 1173 4540 ξ
1191 4484 1250 4538 183,
1265 4495 1332 4528 nuno
1339 4479 1458 4528 assentior
1464 4478 1514 4524 We·

986 4559 1131 4624 sorbendo,
1164 4559 1338 4623 corrigendum
1365 4572 1418 4606 esse
1444 4555 1515 4604 nata
