3242 5500
361 527 393 568 IV
894 547 934 557 -

359 693 668 748 commemorarentur
690 688 831 767 quidem,
860 695 913 750 aut
939 708 1017 768 quae
1045 707 1106 748 non
1127 691 1246 767 integra
1264 690 1479 765 redderentur,

359 808 416 850 nec
439 809 534 870 pauca
562 810 627 852 esse
653 810 730 871 quae
755 793 812 872 ipsi
829 794 924 870 mihi,
945 794 1112 854 instaurata
1127 793 1384 869 consideratione,
1406 793 1480 853 falsa

359 894 551 972 viderentur,
571 897 619 956 his
646 903 680 957 ut
704 916 895 958 occurrerem
922 897 1201 958 commodissimum
1223 899 1300 958 mihi
1318 899 1417 959 visum
1435 905 1481 957 est

358 1003 465 1058 cuncta
481 999 580 1058 denuo
585 1045 593 1075 ,
603 1005 751 1079 quantum
765 1001 832 1060 fieri
841 1006 976 1080 poterat,
988 1001 1217 1080 diligentissima
1231 1020 1302 1061 cura
1310 1000 1479 1080 explorare,

359 1101 461 1181 itaque
492 1108 558 1162 tum
587 1123 720 1182 errores,
749 1124 825 1184 quos
856 1106 1090 1182 commisissem,
1121 1106 1237 1181 delere,
1265 1112 1331 1166 tum
1362 1104 1481 1184 explere

360 1225 434 1285 opus
461 1213 631 1288 susceptum
652 1210 760 1270 additis
777 1210 946 1286 nonnullis,
968 1229 1045 1290 quae
1063 1217 1131 1289 post
1147 1210 1242 1270 editas
1258 1210 1482 1270 observationes

359 1312 435 1372 mihi
454 1317 543 1372 natae
563 1320 664 1375 essent
682 1315 874 1395 suspiciones.

398 1415 443 1476 De
465 1416 548 1477 libris
573 1420 800 1499 manuscriptio,
822 1427 889 1481 tum
905 1419 1141 1500 antiquioribuS,
1162 1425 1228 1480 tum
1245 1418 1281 1478 iis
1299 1418 1350 1498 qui
1368 1437 1385 1478 e
1402 1417 1480 1478 cele-

357 1520 444 1581 brato
460 1521 536 1582 libro
553 1523 704 1584 Laudensi
715 1524 843 1603 suppleti
856 1525 948 1585 fuisse
956 1525 1112 1601 videntur,
1134 1543 1167 1584 re
1176 1543 1257 1584 nunc
1265 1524 1338 1584 satis
1346 1523 1481 1602 cognita,

359 1624 434 1684 nihil
449 1627 558 1686 attinet
578 1627 677 1688 denuo
696 1647 847 1707 exponere
857 1648 866 1704 ;
887 1647 962 1705 nec,
983 1635 1017 1689 ut
1036 1647 1142 1689 verum
1156 1630 1268 1704 fatear,
1290 1646 1399 1706 operae
1415 1645 1484 1705 pre-

359 1729 452 1807 tium,
474 1731 505 1790 in
524 1736 608 1793 tanta
627 1733 711 1813 copia
736 1734 873 1794 codicum
902 1733 1131 1812 diligentissime
1153 1752 1171 1793 a
1190 1732 1261 1793 viris
1278 1733 1373 1808 doctis
1392 1731 1483 1792 colla-

359 1838 475 1913 torum,
504 1855 570 1897 esse
594 1837 670 1897 mihi
695 1837 852 1898 videbatur
872 1838 1068 1917 paucissimos
1084 1838 1177 1898 libros
1196 1837 1383 1912 describere,
1406 1854 1484 1914 quos

359 1939 423 2019 ipse
448 1941 668 2020 explorassem,
686 1948 721 2002 ut
738 1943 813 2003 duos
831 1943 1010 2020 Leidenses,
1032 1948 1063 2003 et
1089 1962 1185 2003 unum
1204 1940 1483 2016 vindobonensem,

360 2044 468 2124 quibus
487 2052 677 2106 accesserunt
693 2054 834 2126 excerpta
848 2067 885 2107 ex
901 2047 976 2123 aliis
993 2066 1071 2126 quae
1086 2048 1219 2108 virorum
1228 2045 1482 2106 amicissimorum

360 2147 465 2210 officiis
481 2157 603 2229 accepta
621 2152 727 2211 refero.
764 2151 863 2223 Quam
881 2151 928 2212 vel
944 2152 1085 2212 inertiam
1104 2171 1223 2228 meam,
1244 2151 1291 2212 vel
1308 2151 1484 2210 tarditatem

359 2254 505 2334 appellet,
534 2256 586 2333 qui
613 2255 708 2333 volet,
739 2256 902 2317 dummodo
927 2274 988 2316 non
1015 2257 1167 2317 contemni
1193 2275 1211 2316 a
1237 2274 1287 2316 me
1312 2255 1483 2331 existimet,

358 2366 394 2420 ut
416 2361 490 2420 alios
516 2360 672 2437 omittam,
702 2360 903 2440 Madvigium,
924 2361 1008 2422 verbi
1024 2379 1131 2437 causa,
1153 2362 1250 2440 quiet
1267 2360 1357 2437 alias,
1378 2365 1409 2419 et
1429 2377 1483 2418 no-

360 2465 480 2524 vissime
505 2465 538 2524 in
554 2465 714 2544 praeclaris
730 2465 1000 2527 Emendationihus
1016 2465 1148 2525 Livianis
1163 2465 1221 2524 hoc
1236 2483 1348 2524 munus
1363 2463 1484 2524 abunde

360 2569 496 2648 explevit.
539 2570 692 2631 Admirari
715 2589 765 2631 me
788 2571 931 2649 profiteor
952 2569 1101 2630 excellens
1116 2571 1248 2629 intanta
1264 2569 1420 2647 diligentia
1436 2567 1484 2628 vel

360 2692 501 2752 acumen,
519 2675 565 2735 vel
582 2675 759 2751 artificium3
776 2693 852 2755 quas
870 2680 974 2734 tamen
990 2675 1094 2734 laudes
1110 2673 1223 2732 imitari
1238 2691 1295 2732 nec
1303 2691 1439 2753 possum,
1456 2673 1483 2731 si

360 2779 481 2857 vellem,
499 2799 556 2841 nec
564 2781 671 2841 vellem
676 2827 684 2857 ,
699 2781 723 2840 si
732 2800 865 2860 possem:
885 2779 1067 2859 quodquare
1078 2780 1120 2839 ita
1131 2780 1269 2855 sentiam,
1281 2779 1392 2858 partim
1402 2784 1483 2839 certe

360 2885 431 2945 olim
449 2885 569 2946 defendi
586 2885 619 2945 in
638 2884 763 2945 Scholic.
784 2884 933 2965 Hypomu.
954 2883 1005 2943 Ill.
1024 2902 1052 2962 p.
1062 2883 1131 2943 266.
1143 2902 1201 2962 sq,
1219 2889 1285 2943 tum
1295 2884 1326 2943 in
1335 2884 1481 2944 Mnemos.

360 2989 438 3049 VlIl.
455 3010 483 3069 p.
504 2988 572 3051 195.
591 3008 654 3068 sqq.
677 2989 792 3049 Placuit
813 2989 906 3067 igitur
924 2989 1058 3049 virorum
1075 2988 1232 3048 doctorum
1245 2987 1393 3048 industria
1402 3007 1483 3049 corn-

360 3095 472 3173 paratis
488 3094 636 3174 editisque
657 3094 689 3153 in
706 3094 764 3153 hoc
783 3112 895 3171 genere
916 3093 1008 3171 copiis
1024 3093 1070 3152 uti
1088 3092 1154 3151 sine
1172 3092 1331 3152 ambitiosa
1351 3111 1483 3153 comme-

360 3199 545 3275 moratione,
566 3199 757 3279 potissimum
783 3198 821 3258 ad
847 3197 1028 3276 genuinam,
1052 3197 1220 3275 quaemihi
1239 3196 1361 3275 quidem
1375 3198 1483 3276 proba-

359 3310 461 3381 retur,
488 3304 650 3364 lectionem
667 3301 924 3364 constituendam:
942 3306 1025 3377 tum,
1045 3301 1186 3361 omittere
1201 3302 1265 3361 fere
1283 3320 1387 3362 rerum
1403 3302 1482 3382 ipsa-

360 3428 429 3469 rum
455 3414 485 3469 et
506 3408 744 3483 sententiarum,
766 3406 891 3485 quaein
909 3406 957 3465 his
973 3404 1018 3465 De
1037 3403 1164 3465 Oratore
1179 3404 1264 3464 libris
1279 3424 1482 3484 proponeren-

361 3520 419 3591 tur,
440 3512 733 3593 interpretationem,
755 3512 802 3572 cui
822 3511 931 3590 quippe
947 3510 1067 3570 muneri
1083 3509 1273 3570 laudabiliter
1288 3510 1361 3569 satis
1377 3510 1483 3570 fecisse

361 3619 437 3679 mihi
462 3619 640 3680 videbantur
664 3618 808 3697 postremi
833 3616 981 3691 editores,
1012 3634 1069 3675 nec
1093 3615 1255 3694 quiequam
1277 3615 1341 3675 eius
1364 3616 1484 3693 generis

361 3725 526 3803 attingere,
546 3723 605 3783 nisi
627 3723 707 3802 quod
725 3727 805 3783 esset
822 3740 892 3781 cum
910 3719 1019 3779 iudicio
1042 3719 1230 3779 definiendae
1254 3719 1391 3779 lectionis
1412 3739 1483 3780 con-

361 3828 505 3887 iunctum.
547 3827 630 3899 Quae
654 3828 717 3906 ipse
735 3826 837 3885 minus
852 3820 1073 3904 perspicerem,
1092 3824 1175 3885 verbi
1194 3842 1283 3884 causa
1298 3842 1394 3883 unum
1409 3823 1485 3884 alte·

361 3951 490 4011 rumque
515 3932 546 3991 in
572 3932 622 3991 illa
647 3931 784 3993 Caesaris
812 3929 1013 4009 disputatione
1031 3929 1068 3988 de
1084 3928 1216 4004 facetiis,
1234 3933 1300 3987 tum
1318 3946 1422 3988 versus
1439 3930 1484 4008 ip-

363 4057 429 4113 sos,
460 4038 511 4118 qui
538 4036 663 4097 subinde
688 4055 705 4096 e
728 4036 825 4116 poetis
851 4036 1033 4110 afferuntur,
1065 4040 1117 4093 aut
1142 4052 1219 4112 quae
1240 4032 1316 4092 mihi
1335 4033 1484 4095 odiosiora

362 4148 479 4219 essent,
506 4147 541 4202 ut
566 4146 750 4202 contractam
774 4140 858 4200 illam
881 4138 1048 4199 doctrinam
1073 4138 1239 4216 figurarum
1262 4138 1485 4198 rhetoricarum

362 4248 394 4307 in
409 4247 486 4308 libro
502 4246 623 4324 Tertio,
644 4246 757 4307 intacta
773 4245 944 4323 relinquere
960 4243 1052 4304 malui
1068 4242 1134 4304 aliis
1153 4242 1347 4322 expedienda.

402 4352 458 4413 His
482 4358 546 4413 tam
572 4352 663 4413 arctis
689 4350 799 4411 finibus
817 4368 911 4428 quum
928 4367 1031 4408 meum
1050 4366 1161 4408 munus
1178 4348 1486 4426 circumscripserim,

363 4477 423 4518 non
446 4457 590 4519 recusabo
618 4455 643 4517 si
666 4474 734 4515 mea
762 4454 926 4515 annotandi
951 4470 1041 4532 opera
1068 4452 1171 4512 multis
1190 4452 1308 4528 ieiuna,
1328 4458 1381 4514 aut
1397 4453 1486 4533 indo-
