3242 5500
434 555 547 604 rnnnn
573 554 775 604 sncnunos.
801 536 819 616 §
849 536 929 606 172.
1015 511 1017 515 V
1173 535 1238 603 191

124 729 332 802 existimatio
356 727 487 799 divitiis
509 735 683 823 praestat,
710 734 745 798 et
755 727 904 823 pecunia
916 733 1098 822 tantopere
1112 726 1242 821 expeti-

123 849 189 925 tur,
220 846 354 934 quanto
376 838 488 934 gloria
507 838 620 933 magis
644 846 696 909 est
716 837 934 933 expetenda?
956 861 999 908 ex
1016 838 1151 908 minore
1173 836 1240 908 sic:

215 988 266 998 —-
291 945 363 1020 Hic
383 972 515 1043 paruae
538 946 796 1020 consuetudinis

171 1052 415 1131 Cumulatius
438 1069 583 1129 mortem
601 1051 678 1151 fert
703 1069 777 1128 tarn
797 1051 1052 1149 familiariter:

170 1164 279 1249 Quid,
305 1166 337 1240 si
360 1165 433 1262 ipsc
456 1164 630 1238 amasset?
661 1164 748 1262 quid
769 1165 857 1238 mill
880 1165 935 1240 lto
960 1161 1066 1255 faciet
1088 1163 1210 1260 patri?

122 1276 174 1347 Ex
196 1277 274 1371 pari
299 1277 366 1348 sic:
393 1282 447 1348 est
470 1274 628 1346 eiusdem
653 1281 687 1346 et
712 1274 861 1369 eripere,
888 1283 923 1346 et
943 1283 1063 1346 contra
1083 1298 1158 1345 rem
1179 1299 1244 1370 pu·

102 1386 247 1458 'blicam
278 1385 398 1480 largiri
431 1384 609 1480 pecunias.
660 1383 760 1455 Foris
785 1392 903 1456 autem
928 1392 1157 1456 assumuntur
1185 1408 1243 1471 ea,
1272 1407 1315 1458 ns

123 1519 209 1592 quae
245 1519 318 1566 non
353 1519 416 1566 sua
449 1494 502 1580 vi,
530 1494 592 1566 sed
616 1502 780 1565 extranea
804 1492 1052 1580 sublevantur,
1079 1501 1118 1565 ut
1141 1493 1242 1567 haec:

123 1605 185 1676 hoc
215 1628 338 1675 verum
372 1612 440 1689 est;
475 1602 566 1676 dixit
601 1603 695 1675 enim
731 1604 777 1679 Q.
811 1603 993 1676 Lutatius:
1028 1602 1094 1676 hoc
1117 1603 1245 1676 falsum

123 1724 190 1799 est;
229 1712 351 1785 habita
384 1713 479 1784 enim
513 1713 670 1809 quaestio
695 1721 767 1786 est:
795 1712 861 1785 hoo
886 1712 986 1808 sequi
1008 1737 1149 1785 necesse
1174 1720 1246 1800 est;

121 1823 225 1896 recito
257 1823 354 1894 enim
385 1821 542 1895 tabulas:
581 1823 625 1894 de
658 1847 729 1918 quo
766 1847 894 1920 genere
930 1829 1002 1894 toto
1026 1821 1144 1918 paullo
1168 1829 1248 1894 ante

122 1934 203 2006 dixi.

93 2063 98 2072 ·
167 2042 288 2128 Haec,
326 2049 368 2114 ut
399 2041 603 2114 brevissime
628 2041 698 2114 dici
722 2050 935 2139 potuerunt,
961 2043 1008 2114 ite
1031 2067 1052 2112 a
1075 2065 1131 2112 me
1154 2039 1247 2112 dicta
1271 2050 1316 2118 41

122 2161 213 2224 sunt.
253 2151 306 2223 Ut
341 2152 454 2239 enim,
478 2152 508 2224 si
530 2175 656 2224 aurum
681 2153 758 2238 cui,
786 2152 882 2248 quod
907 2159 998 2224 esset
1019 2151 1247 2222 multifariam
1272 2176 1319 2225 174

122 2261 319 2349 defossum,
357 2269 627 2334 commonstrare
650 2262 796 2348 vellem,
824 2261 906 2333 satis
929 2285 1004 2332 esse
1029 2259 1189 2345 deberet,
1216 2260 1246 2332 si

123 2372 220 2466 signa
251 2380 290 2443 et
323 2369 429 2444 notas
455 2371 674 2444 ostenderem
710 2372 887 2457 locorum,
919 2368 1049 2466 quibus
1074 2368 1244 2464 cognitis,

124 2481 195 2578 ipse
229 2480 302 2553 sibi
336 2481 490 2567 foderet,
528 2490 563 2554 et
598 2480 657 2566 id,
696 2479 791 2577 quod
825 2481 949 2566 vellet,
980 2503 1086 2576 parvo
1107 2476 1244 2565 labore,

123 2592 219 2663 nullo
255 2614 372 2662 errore
403 2591 575 2662 inveniret
587 2623 596 2676 ;
624 2578 673 2662 sic
697 2589 760 2662 has
785 2613 852 2684 ego
877 2596 1164 2685 argumentorum
1187 2612 1245 2659 vo-

124 2699 171 2773 lui
194 2707 299 2773 notas
321 2699 502 2796 quaerenti
527 2699 781 2786 demonstrare,
806 2698 869 2771 ubi
888 2698 959 2772 sint
965 2732 974 2786 ;
996 2697 1130 2794 reliqua
1147 2722 1246 2785 cura,

125 2819 158 2883 et
192 2810 409 2907 cogitatione
445 2817 626 2883 eruuntur.
671 2808 778 2885 Quod
808 2818 926 2881 autem
961 2815 1248 2903 argumentorum
1274 2822 1320 2874 175

124 2945 233 3015 genus
265 2920 395 3015 cuique
419 2943 602 2991 causarum
627 2920 747 3014 generi
771 2919 924 2991 maxime
948 2917 1150 3003 conveniat,
1175 2942 1247 2989 non

123 3038 173 3102 est
217 3030 306 3101 artis
347 3028 541 3124 exquisitae
576 3026 830 3123 praescribere,
873 3026 936 3099 sed
975 3034 1027 3099 est
1064 3027 1249 3100 mediocris

122 3138 255 3235 ingenii
292 3136 465 3210 iudicare:
499 3161 615 3234 neque
644 3136 739 3208 enim
760 3161 856 3209 nunc
881 3136 920 3209 id
943 3136 1102 3231 agimus,
1129 3144 1170 3208 ut
1194 3161 1247 3208 ar·

122 3258 190 3321 tem
226 3248 386 3343 aliquam
420 3246 561 3318 dicendi
595 3246 833 3342 explicemus,
869 3246 930 3317 sed
964 3254 1004 3318 ut
1037 3246 1248 3318 doctissimis

122 3357 327 3430 hominibus
363 3380 447 3427 usus
484 3356 593 3428 nostri
630 3355 731 3451 quasi
766 3355 939 3451 quaedam
974 3354 1108 3427 monita
1132 3355 1247 3427 trada-

121 3492 209 3544 mus·
263 3466 336 3538 His
367 3465 476 3561 igitur
499 3466 584 3538 locis
607 3466 645 3538 in
670 3473 788 3537 mente
810 3472 846 3537 et
870 3464 1081 3559 cogitatione
1103 3463 1248 3550 defixis,

121 3724 174 3772 ideo
194 3722 307 3786 probare
326 3737 377 3771 non
397 3736 514 3784 possum,
531 3723 598 3784 quod
611 3737 662 3771 non
711 3722 805 3770 diceris
824 3721 931 3785 tepenti:
957 3720 1064 3769 necdum
1084 3719 1137 3783 ipse
1157 3720 1251 3783 aliquid

122 3808 237 3864 apparet,
252 3815 321 3863 quae
335 3801 576 3863 essentillareltquu.
595 3802 661 3863 Kay·
711 3800 800 3848 melius
813 3799 904 3862 reperi.
918 3826 952 3835 —
968 3800 1179 3847 Commomtrundt
1192 3814 1249 3849 ver-

122 3895 202 3939 surus,
220 3896 270 3943 pro
284 3881 397 3942 relique,
415 3880 447 3928 de
460 3894 505 3929 suo
519 3880 596 3929 edidit
607 3881 661 3927 eal·
710 3877 771 3926 bum
791 3893 867 3941 supra
883 3877 910 3926 in
923 3877 997 3927 simili
1009 3891 1037 3925 re
1050 3882 1211 3940 usurpatum,
1226 3879 1248 3927 1.

120 3972 181 4018 pue,
203 3965 229 4008 et
248 3958 354 4007 inclusit
373 3956 505 4007 verbaalt
518 3958 579 4005 etat
613 3958 663 4006 Sed
712 3958 801 4015 5203.

122 4050 150 4085 ea
161 4043 249 4087 manet
261 4036 342 4086 totius
348 4036 397 4085 loci
403 4036 563 4098 compositio,
577 4040 663 4084 utnon
747 4035 803 4085 175.
821 4035 866 4083 ced
877 4036 907 4083 ut
918 4034 1065 4083 doctissimis
1076 4034 1250 4083 luminibus—

122 4122 239 4177 appareat
262 4114 371 4164 verbum
391 4115 516 4163 meatur
536 4114 569 4162 ad
588 4128 663 4178 crpu-
713 4114 849 4161 trademus.
867 4113 937 4161 Solet
954 4113 1041 4163 Cicero
1054 4114 1250 4162 nicaenorum

122 4198 202 4242 menta
221 4193 367 4257 pertinere,
387 4193 452 4241 sicut
468 4207 555 4254 supra,
570 4196 584 4251 §
599 4194 661 4242 146:
712 4191 835 4239 lominum
842 4191 1010 4254 appellatione
1017 4190 1178 4253 philosophos
1185 4191 1249 4239 indi-

122 4279 289 4335 quapropter,
304 4286 350 4333 pro
364 4272 406 4319 ubi
417 4272 484 4329 unt,
499 4273 664 4334 legereprae·
712 4284 878 4331 curameque
892 4284 958 4319 nunc
972 4270 1019 4317 hac
1033 4270 1199 4331 appellatione
1207 4284 1249 4317 eos

122 4350 276 4399 dubitande
290 4377 324 4385 -
337 4353 471 4397 mutetur.
496 4350 570 4408 Quod
581 4354 663 4397 eutem
712 4349 805 4397 indicat
818 4349 954 4406 Antonius,
970 4362 1030 4409 quos
1044 4348 1190 4408 alloquitur,
1205 4347 1249 4397 sed

120 4429 186 4477 illam
201 4428 311 4491 Kayseri
325 4427 594 4485 coniecturumattinet,
609 4427 663 4475 eai-
712 4426 875 4488 philosophos
904 4426 983 4490 (conf.
1010 4431 1022 4485 5
1051 4424 1123 4489 152),
1145 4439 1249 4486 quorum

119 4520 181 4569 pua,
201 4508 312 4556 fortasse
329 4506 370 4554 cui
385 4506 574 4555 commendetur
591 4519 620 4553 ea
633 4520 664 4553 ex
713 4510 791 4553 artem
817 4520 875 4555 usus
903 4505 939 4553 sui
968 4504 1066 4553 monitis
1096 4505 1249 4566 locupletare

121 4588 248 4643 anteced,
259 4598 342 4645 paruo
353 4584 447 4643 labore,
463 4590 599 4645 etesequ.,
613 4599 663 4633 me·
713 4585 777 4633 vult.
