3242 5500
447 564 561 610 arara
588 565 758 612 ruamus,
788 547 804 625 §¹
834 546 914 612 181.
1176 544 1246 610 353

122 734 248 830 spiritu
272 731 419 830 potest]
449 737 518 808 Sed
540 736 597 809 hie
619 746 764 809 naturae
787 736 913 807 modus
938 747 1009 824 est,
1036 736 1118 810 artis
1142 737 1243 810 alius,

120 844 232 930 Nam,
259 869 370 940 quum
396 846 466 917 sint
491 847 632 918 numeri
649 848 788 944 plureS‚
817 845 973 918 iambum
992 858 1024 920 et
1042 846 1245 920 trochaeum

118 953 336 1049 frequentem
378 965 541 1051 segregat
576 956 620 1028 ab
655 965 791 1028 oratore
828 957 1056 1044 Aristoteles,
1098 957 1243 1041 Catule,

117 1074 248 1150 vester,
285 1065 347 1159 qui
380 1075 505 1137 natura
533 1074 651 1137 tamen
678 1066 865 1138 incurrunt
888 1066 957 1160 ipsi
986 1067 1022 1138 in
1051 1067 1243 1138 orationem

117 1197 382 1269 sermonemque
405 1193 577 1247 nostrum.
621 1175 691 1246 Sed
714 1183 797 1246 sunt
820 1175 977 1270 insignes
1002 1175 1243 1271 percussiones

116 1306 235 1353 eorum
269 1308 516 1369 numerorum,
555 1293 590 1356 et
624 1284 752 1356 minuti
772 1284 892 1380 pedes.
946 1286 1064 1360 Quare
1089 1286 1242 1380 primurn

114 1392 157 1463 ad
192 1391 339 1463 heroum
371 1417 435 1464 nos
473 1389 636 1488 [dactyli,
664 1401 699 1465 et
726 1394 925 1489 anapaesti,
948 1403 982 1466 et
1010 1394 1157 1490 spondei
1182 1419 1241 1490 pe·

114 1495 210 1595 dem]
250 1502 396 1587 invitat3
433 1503 469 1572 in
500 1528 569 1598 quo
592 1503 738 1598 impune
761 1503 926 1598 progredi
951 1503 1033 1574 licet
1058 1503 1128 1574 duo
1151 1503 1241 1574 dun-

113 1620 207 1681 taxat
234 1611 362 1705 pedeS,
388 1620 448 1682 aut
473 1612 591 1707 paullo
617 1613 717 1708 plus,
744 1637 790 1684 ne
814 1612 918 1707 plane
940 1613 977 1684 in
1002 1637 1161 1697 versum,
1184 1622 1243 1684 aut

113 1719 382 1791 similitudinem
416 1745 537 1793 versus
571 1721 787 1793 incidamus:
824 1721 917 1794 ultae
949 1734 1031 1794 suut
1062 1721 1239 1816 parisiace,

112 1828 305 1924 quibus-t
333 1829 369 1901 hi
395 1839 465 1901 tres
485 1822 614 1926 [heroi]
631 1831 738 1926 pedes
752 1833 789 1902 in
803 1830 977 1925 principia
990 1831 1241 1918 continuando-

109 1963 188 2010 rum
214 1937 400 2025 verborum
427 1940 510 2010 satis
535 1939 659 2012 decore
683 1940 825 2011 eadunt.
865 1939 1038 2011 Probatur
1060 1949 1177 2013 autem
1195 1941 1239 2013 ab
1268 1957 1313 2004 183

110 2050 233 2121 eodem
256 2048 317 2120 illo
342 2050 493 2122 maxime
517 2074 650 2145 paeon,
677 2049 739 2144 qui
764 2058 818 2121 est
843 2050 995 2144 duplex3
1023 2074 1105 2121 nam
1130 2059 1192 2121 aut
1220 2076 1240 2122 a

109 2161 215 2253 longa
251 2158 381 2243 oritur,
408 2183 515 2254 quam
538 2169 608 2232 tres
631 2159 753 2230 breves
778 2168 1063 2253 consequuntur,
1090 2168 1130 2230 ut
1154 2158 1239 2232 haec
1323 2249 1324 2252 Ἴ

107 2269 232 2353 verba,
270 2267 434 2354 desinite,
470 2268 631 2362 incipite,
669 2268 909 2362 corripui-mite:
946 2276 1006 2339 aut
1030 2292 1050 2338 a
1074 2267 1238 2340 brevibus

107 2379 273 2472 deinceps
309 2376 442 2461 tribuS,
480 2387 635 2450 extrema
669 2378 840 2473 producta
870 2385 975 2472 atque
1001 2377 1123 2472 longa,
1147 2378 1237 2450 siout

106 2489 166 2561 illa
199 2495 303 2572 sunt,
339 2487 563 2573 domuerant,
601 2487 786 2580 sonipedes,
836 2489 956 2583 Atque
989 2486 1041 2557 illi
1067 2481 1236 2581 [philoso-

106 2592 194 2695 pho]
220 2597 328 2668 ordiri
353 2596 467 2692 placet
489 2622 510 2668 a
534 2598 712 2693 superiore
736 2621 889 2692 paeone,
917 2597 1105 2691 posteriore
1122 2597 1233 2668 finire.

105 2708 170 2780 Est
206 2715 326 2778 autem
363 2731 474 2802 paeon
509 2707 566 2779 hie
599 2706 770 2803 posterior
806 2730 875 2777 non
921 2705 1133 2801 syllabarum
1169 2730 1235 2778 nu·

106 2842 223 2902 merc,
263 2817 324 2887 sed
356 2818 494 2889 aurium
519 2842 703 2902 mensura,
730 2816 823 2911 quod
851 2826 903 2887 est
928 2816 1040 2887 acrius
1065 2816 1233 2887 iudicium

107 2938 141 2999 et
177 2926 326 3012 certius,
366 2951 429 3021 par
463 2926 534 2996 iere
566 2926 713 3011 cretico,
740 2927 802 3022 qui
823 2934 876 2997 est
894 2950 936 2995 ex
954 2925 1058 3022 longa
1083 2935 1117 2998 et
1139 2924 1236 2998 brevi

107 3047 141 3107 et
165 3038 289 3131 longa3
314 3043 374 3119 ut,

107 3340 171 3394 224,
186 3338 252 3391 226,
267 3341 292 3383 et
306 3336 410 3396 passim:
425 3341 450 3382 et
463 3350 536 3391 mox,
553 3340 565 3393 ξ
582 3338 644 3393 191,
733 3336 841 3397 [dactyli
869 3337 894 3382 et
920 3336 1048 3394 anapaesti
1073 3362 1106 3371 -
1121 3337 1233 3397 pedem}

106 3416 216 3462 occurrit
229 3414 350 3462 circuitus
357 3414 483 3462 amborum
490 3416 535 3460 aut
541 3404 644 3471 1111111,
696 3413 824 3461 Assentior
831 3414 889 3461 viris
897 3413 989 3470 doctis,
998 3414 1038 3473 qui
1047 3412 1108 3461 haee
1115 3429 1160 3474 pro
1167 3416 1232 3475 glos·

107 3495 151 3539 aut
172 3494 276 3556 loupior.
310 3492 385 3550 Quod
404 3501 487 3539 autern
501 3493 646 3541 diciturilla
695 3497 788 3539 semate
812 3490 921 3547 habent;
947 3491 1006 3538 item
1027 3506 1085 3539 mox
1105 3493 1180 3539 ieros
1200 3520 1234 3527 -

107 3572 246 3633 complexio
262 3570 395 3619 verborum
408 3573 468 3618 coici
481 3585 529 3619 uuo
539 3574 644 3632 spirita,
695 3572 772 3626 Tum,
787 3570 813 3616 in
827 3569 879 3626 his,
900 3570 966 3615 ultae
982 3571 1042 3616 aaut
1052 3570 1174 3629 uomicae,
1189 3571 1232 3617 El-

106 3650 208 3697 defendi
234 3650 305 3697 nulio
333 3650 407 3696 modo
434 3655 527 3711 pot-est:
549 3656 574 3698 et
594 3666 644 3698 non
694 3648 802 3696 lendtius
818 3663 867 3695 non
880 3646 1232 3696 malaconiicitleotumfuisse

106 3735 202 3777 tanturn
229 3742 295 3775 unua
319 3728 427 3787 spiritua
453 3726 587 3775 absurdum
608 3735 646 3776 est
695 3740 762 3773 arae.

107 3806 269 3868 (quamquam
282 3806 316 3853 ita
330 3805 479 3853 recentiores
486 3806 643 3869 loquuntur),
726 3804 753 3851 iu
762 3804 890 3864 principio
904 3830 937 3839 -
951 3804 1037 3851 decore
1050 3804 1151 3851 cadunt.
1175 3806 1232 3853 Non

106 3886 148 3931 sed
161 3885 212 3931 hoc
227 3899 339 3945 quoque,
354 3884 374 3930 si
388 3884 487 3945 spiritus
500 3884 642 3947 intelligen·
693 3881 822 3945 indigebat
838 3880 949 3929 Verbum
963 3883 1051 3930 cadere
1063 3882 1111 3929 hac
1124 3884 1230 3943 syntaxi:

106 3964 150 4010 dus
165 3968 204 4010 est
217 3965 400 4009 111111111111.
436 3964 542 4019 Contra,
561 3969 589 4010 ut
603 3978 643 4010 aa·
694 3962 762 4009 conf.
783 3966 796 4020 ξ
820 3960 875 4009 175.
912 3960 1109 4022 corrigendum,
1124 3962 1150 4008 111
1156 3964 1230 4022 pria·

105 4040 644 4102 1111111111,11111111111,11111111
694 4040 773 4100 cipir'r.
808 4040 882 4087 Coni.
897 4041 966 4088 Orat.
982 4044 994 4097 ξ
1009 4040 1067 4087 204.

106 4121 218 4169 oratione
232 4120 331 4176 dicitur,
347 4120 389 4167 sed
401 4121 476 4181 longe
483 4120 643 4168 diversasen·
729 4119 784 4165 183.
802 4119 842 4164 iili
862 4117 1040 4179 [philosopho]
1066 4116 1128 4165 Satis
1143 4124 1179 4165 est
1192 4118 1229 4165 irr-

104 4199 190 4256 untia,
206 4200 275 4246 Orat.
295 4200 376 4255 §2292
391 4198 458 4245 conf.
472 4198 545 4254 infra,
559 4199 642 4255 5186,
692 4197 895 4257 terpretationem
912 4196 1023 4257 putidam
1037 4195 1154 4243 indicare.
1180 4198 1230 4244 lte-

104 4278 279 4337 diversumque
293 4282 330 4324 est
344 4277 462 4334 evolvere,
478 4280 489 4333 5
505 4277 562 4324 209.
692 4290 763 4333 rum,
777 4274 803 4322 in
812 4277 867 4323 nine
884 4279 911 4333 ς,
926 4276 968 4321 ilie
981 4275 1121 4336 appellatur
1136 4274 1229 4323 Aristo·

135 4357 181 4404 aed
193 4355 255 4403 auat
267 4355 373 4417 iuripaea
382 4356 643 4415 pereraaiomeorum
692 4355 767 4411 telas,
788 4353 828 4414 qui
844 4354 944 4401 nomine
958 4352 1130 4415 appellabatur
1144 4358 1156 4411 §
1174 4356 1230 4402 182.

103 4448 271 4482 numerorum.
306 4436 362 4482 Non
382 4433 439 4481 satis
460 4448 512 4482 esse
529 4440 604 4495 puto,
618 4438 643 4482 et
693 4434 756 4479 Tum
781 4432 868 4480 eadem
894 4432 1051 4492 interpolatio
1076 4432 1185 4480 notanda
1205 4433 1230 4480 in

103 4513 204 4573 requiro
230 4512 275 4559 red
299 4513 358 4559 aaut
382 4513 455 4559 nimia
475 4513 581 4575 iusipner
600 4538 640 4557 -ν,
693 4510 782 4568 5187,
797 4509 848 4557 iliis
864 4510 1049 4571 [philosopha]

103 4591 178 4639 Coni.
197 4592 267 4638 Orat.
284 4595 296 4649 §
310 4593 366 4638 218.
395 4636 405 4642 .
726 4590 791 4649 quod
803 4591 840 4636 eat
854 4588 937 4637 acrius
950 4588 1076 4635 iudicium.
1094 4588 1231 4638 Praestabit

1007 4677 1036 4722 23
