3242 5500
365 540 434 649 100
689 558 801 606 nnana
827 557 1031 609 sncuunus.
1060 541 1077 620 §
1105 543 1161 609 95.

307 757 338 800 os
363 731 458 802 vixit.
497 728 745 823 Posteaquam,
771 730 954 804 exstinctis
967 730 1038 814 his,
1064 731 1312 803 omnisecrum
1324 733 1485 805 memoria

364 839 494 911 sensim
507 833 723 935 {obscurata
745 848 799 911 est
824 835 1065 934 esscvanuit,
1084 839 1152 910 alia
1163 841 1337 936 quaedam
1349 843 1483 915 dicendi

363 943 521 1020 molliora
549 971 589 1019 ac
617 948 814 1020 remissiora
838 973 967 1044 genera
990 948 1193 1044 viguerunt.
1246 949 1337 1022 Inde
1359 951 1483 1023 Demo-

304 1061 326 1129 !
364 1057 505 1142 charae,
540 1081 645 1152 quem
674 1057 773 1130 aiunt
802 1058 929 1130 sororis
962 1058 1075 1130 filium
1105 1058 1212 1130 fuisse
1241 1059 1483 1144 Demostheni;

364 1176 443 1239 turn
473 1166 662 1238 Phalereus
694 1166 754 1238 ille
783 1166 1003 1253 Demetrius,
1032 1168 1191 1240 omnium
1221 1169 1386 1256 istorum,
1414 1193 1485 1240 mea

365 1276 553 1363 sententia,
588 1275 836 1371 politissimus
871 1276 1002 1373 aliique
1037 1277 1162 1350 horum
1192 1277 1324 1352 similes
1348 1279 1483 1351 exstite-

365 1395 466 1460 runt:
493 1411 583 1482 quae
607 1386 637 1457 si
661 1385 819 1457 volemus
841 1410 954 1482 usque
978 1385 1023 1458 ad
1048 1386 1113 1459 hoc
1138 1393 1279 1482 tempus
1305 1389 1483 1483 persequi,

366 1497 623 1591 intelligemus,
649 1502 687 1566 ut
712 1493 816 1566 hodie
839 1495 1124 1569 Alabandensem
1147 1495 1248 1568 illum
1273 1495 1485 1580 Meneclem,

367 1615 403 1680 et
430 1606 505 1678 eius
534 1605 677 1676 fratrem
700 1600 921 1692 Hieroclem,
948 1631 1036 1702 quos
1061 1630 1126 1701 ego
1149 1604 1289 1691 audivi,
1314 1613 1388 1678 tota
1411 1605 1485 1677 imi·

367 1723 462 1789 tatur
486 1713 587 1802 Asia,
611 1714 660 1786 sic
684 1735 822 1808 semper
846 1714 954 1787 fuisse
978 1716 1154 1812 aliquem,
1180 1715 1280 1788 cuius
1306 1740 1342 1787 se
1361 1715 1487 1788 similes

367 1825 524 1921 plerique
557 1847 632 1896 esse
663 1823 802 1894 vellent.

314 1950 344 1995 ⁹⁶
418 1933 521 2006 Hanc
544 1933 654 2028 igitur
676 1931 942 2004 similitudinem
966 1919 1026 2029 qui
1052 1933 1248 2006 imitatione
1271 1925 1410 2028 assequi
1433 1958 1486 2004 vo·

368 2040 438 2130 let,
475 2051 553 2116 tum
577 2040 885 2114 exercitationibus
910 2040 1042 2114 crebris
1070 2037 1191 2138 [atque
1215 2038 1391 2139 magnisl,
1416 2052 1487 2116 tum

369 2153 553 2228 scribendo
601 2151 752 2224 maxime
794 2159 1038 2248 persequetur:
1063 2151 1174 2248 quod
1212 2152 1242 2224 si
1279 2152 1336 2225 hic
1374 2162 1488 2226 noster

372 2257 583 2360 [Sulpicius]
611 2262 758 2346 laceret,
783 2262 894 2333 multo
918 2260 994 2333 eius
1018 2262 1126 2334 oratio
1151 2269 1240 2333 esset
1259 2261 1428 2358 pressior,
1453 2262 1486 2334 in

370 2399 442 2470 qua
477 2397 573 2445 nunc
602 2371 801 2457 interdum,
828 2370 927 2442 utin
953 2369 1070 2442 herbis
1095 2370 1217 2442 rustici
1241 2371 1355 2444 solent
1379 2371 1489 2443 dicere

403 2641 485 2675 omnes
503 2627 562 2673 sant
581 2623 608 2672 tn
627 2623 709 2672 eodem
724 2625 839 2672 ansata
851 2625 907 2672 tmt·
956 2621 1096 2682 absolvam,
1111 2623 1227 2685 quonlam
1240 2622 1267 2671 ld
1280 2622 1341 2670 mihi
1354 2623 1447 2684 requiri
1458 2623 1489 2671 ri·

371 2707 461 2757 tacdae
477 2718 567 2767 aenne
585 2704 686 2753 menti.
718 2703 834 2753 Virorum
848 2704 907 2753 doc·
957 2704 1042 2763 datin,
1056 2709 1085 2753 ut
1098 2703 1150 2752 eius
1163 2702 1276 2767 generis,
1290 2701 1360 2751 cuius
1374 2704 1491 2753 Isocrates

369 2792 452 2837 torum
472 2782 637 2833 dubitationes
656 2782 687 2831 de
700 2781 783 2831 verbis
795 2784 909 2831 veritatis
957 2788 1042 2832 auctor
1055 2782 1130 2831 fuisse
1142 2780 1300 2844 perhibetur,
1315 2782 1444 2831 character
1451 2798 1492 2844 op·

370 2865 517 2921 imitandae,
531 2866 557 2910 et
568 2862 649 2909 varias
655 2860 808 2910 coniecturas
815 2876 908 2925 cogno·
956 2865 1063 2923 ponatur
1082 2865 1194 2909 veterum
1209 2859 1309 2908 illorum
1323 2858 1459 2909 asbtils‘tats'
1471 2866 1492 2909 et

370 2958 440 2993 scere
465 2943 525 2990 licet
550 2955 583 2989 ex
601 2940 720 2989 Ellendtii
739 2941 908 2989 annotatione.
957 2940 1087 2997 anitati,
1108 2937 1162 2987 fieri
1181 2942 1264 3000 potest
1281 2943 1309 2987 nt
1321 2938 1491 3001 corrigendum

372 3022 435 3071 Mihi
447 3021 495 3069 hoe
505 3019 756 3077 notandumvidetur,
771 3020 909 3069 necessario
958 3017 1003 3075 sit,
1023 3018 1147 3065 ubertatis
1165 3017 1317 3065 imitandae:
1336 3016 1403 3065 conf.
1428 3018 1492 3067 Orat.

370 3101 463 3163 requiri
482 3100 590 3160 aliquam
609 3102 694 3146 notam
712 3098 782 3146 istius
795 3098 908 3161 generis,
959 3096 1029 3155 540.

371 3180 439 3241 qnod
463 3176 495 3226 ab
514 3176 629 3225 Isocratis
648 3175 734 3224 schola
753 3181 836 3224 ortum
857 3190 909 3225 esse
992 3176 1033 3223 95.
1051 3172 1492 3232 eastinetiels'e.Mironlillendtium,

371 3259 473 3315 didnn,
500 3254 708 3317 quemadmodum
735 3254 910 3303 enuntiabatur
958 3267 1035 3314 quum
1049 3253 1185 3311 etaederet,
1199 3252 1332 3310 monuisse,
1343 3268 1408 3301 nnon
1418 3255 1494 3301 minus

371 3338 421 3386 hoc
434 3336 508 3385 modo
518 3335 544 3382 in
557 3331 736 3395 superioribus:
751 3333 832 3395 atqui,
846 3333 909 3381 aes-i-
957 3331 1051 3381 bonum
1065 3346 1117 3380 esse
1125 3330 1494 3393 uu:”nmqusms1promiscue

372 3416 450 3464 tatem
465 3413 561 3461 imitari
573 3428 624 3461 non
637 3412 756 3473 appellari
769 3426 841 3473 posse
855 3426 909 3459 cer·
957 3410 1004 3459 ista
1020 3414 1180 3472 ponerentur.

370 3491 651 3556 tnmpenaaorationis:
664 3492 909 3539 Isocratenmantem
991 3502 1075 3537 earam
1101 3488 1218 3536 maneria
1243 3482 1333 3536 senaim
1356 3489 1495 3551 [annena

372 3588 451 3638 genus
470 3576 539 3621 tanto
552 3570 631 3633 magis
643 3583 711 3617 nunc
725 3568 821 3617 deliniri
834 3582 910 3629 opor·
958 3568 1047 3629 estet]
1063 3566 1170 3616 evannit.
1195 3566 1220 3615 Si
1228 3567 1365 3615 tenendum
1373 3573 1419 3626 est,
1434 3566 1495 3628 quod

370 3651 453 3709 tabat,
479 3649 546 3712 qnod
565 3648 654 3697 dicitur
673 3649 702 3695 tn
720 3648 802 3695 eodem
820 3660 910 3707 penere
957 3646 1017 3692 milri
1038 3645 1138 3707 quidem
1155 3645 1267 3702 videun,
1284 3645 1431 3694 Ciceronem
1444 3643 1495 3692 uhi-

371 3731 462 3779 oersata'
475 3729 542 3776 sant.
572 3726 675 3776 Accedit
696 3726 777 3787 quod,
792 3740 869 3786 quum
884 3725 909 3773 hi
959 3737 1006 3785 que
1034 3724 1209 3786 proprietatem
1229 3722 1364 3771 verborum
1385 3736 1496 3777 servare,

371 3822 469 3868 quoqne
482 3809 591 3855 oratores
605 3819 636 3853 ex
648 3805 692 3852 illa
705 3804 791 3853 schola
803 3804 910 3865 profecti
958 3803 1012 3851 neri
1032 3817 1083 3851 non
1102 3806 1185 3864 potest
1205 3806 1233 3850 ut
1252 3801 1393 3863 scripserit,
1413 3796 1496 3850 ¹eorum

371 3887 497 3943 dicantur,
511 3884 574 3932 nihil
587 3884 619 3932 ad
630 3884 682 3932 eius
693 3883 792 3933 scholae
798 3883 909 3931 indolem
959 3883 1100 3931 memoriam
1113 3881 1266 3929 obscuratam
1278 3894 1342 3937 esse,
1357 3879 1451 3941 quippe
1456 3879 1497 3925 illo

372 3963 480 4026 perduct
499 3962 603 4018 veritas,
624 3975 688 4022 quae
704 3975 755 4009 non
768 3964 865 4009 tantum
879 3959 910 4008 ab
959 3960 1037 4010 verbo
1058 3964 1200 4009 constanter
1220 3958 1324 4009 indicari
1349 3960 1414 4007 sciet
1433 3956 1498 4005 alind

372 4046 440 4099 arte,
461 4054 536 4102 quarn
554 4037 669 4088 tradebat
692 4040 814 4088 Isocrates
836 4038 912 4103 (sicut
961 4039 1020 4101 quid
1034 4052 1101 4097 esse,
1117 4028 1186 4086 cuius
1199 4039 1241 4085 vel
1255 4036 1390 4098 splendore
1403 4038 1497 4091 etlnce,

371 4120 484 4169 rhetores
498 4117 644 4167 dicebantur
656 4120 772 4180 expertes
784 4118 910 4177 veritatis,
960 4119 1002 4167 vel
1021 4117 1047 4165 vi
1067 4122 1092 4165 et
1111 4115 1281 4179 magnitudine
1298 4112 1447 4163 obscuretur
1458 4113 1497 4170 id,

372 4213 460 4261 snpra,
476 4202 488 4257 t
503 4197 561 4262 81),
576 4197 620 4246 sed
632 4196 658 4245 in
665 4197 750 4259 primis
757 4195 788 4244 ab
795 4196 848 4244 eius
855 4210 911 4244 ora·
961 4198 992 4245 de
1013 4210 1061 4257 quo
1082 4209 1163 4243 sermo
1184 4199 1237 4250 est,
1262 4198 1415 4255 quapropter
1428 4204 1498 4253 saepe

371 4276 480 4327 tionibus
505 4277 532 4325 in
560 4290 651 4340 genere
675 4276 820 4337 epidictico,
839 4279 867 4323 'et
886 4274 911 4322 in
959 4274 1035 4332 idem,
1049 4274 1119 4322 adrat
1132 4272 1233 4321 dicitur:
1248 4268 1497 4320 emultislocisconf.

372 4371 464 4419 pompa
491 4355 639 4405 alienissima
667 4360 713 4403 est.
754 4353 804 4402 Sed
830 4353 911 4415 ipsum
960 4352 1024 4401 infra
1039 4352 1088 4400 III.
1105 4356 1118 4410 §
1133 4353 1191 4409 215,
1206 4355 1231 4399 et
1245 4350 1299 4399 rin.
1314 4350 1365 4397 111.
1380 4354 1394 4409 ξ
1408 4348 1498 4407 sain

371 4436 448 4493 illud,
469 4436 597 4483 veritatem
610 4434 719 4490 imitari,
733 4446 815 4493 neque
829 4436 910 4480 crata-
961 4436 989 4479 ut
1011 4431 1138 4479 obmrara'
1158 4444 1208 4477 non
1229 4429 1275 4477 nisi
1295 4428 1321 4475 in
1342 4428 1498 4475 contentione

371 4528 427 4560 rum
447 4518 500 4572 est,
519 4527 600 4574 neque
615 4511 800 4568 historicorum,
815 4510 860 4557 sed
873 4509 910 4556 hi·
961 4524 1017 4557 cum
1038 4508 1091 4557 aliis
1112 4508 1220 4566 dicatur,
1240 4507 1293 4555 vid.
1311 4506 1366 4554 rin.
1386 4507 1417 4553 V.
1433 4510 1446 4565 ξ
1460 4506 1498 4553 90.

373 4590 505 4639 strionum:
528 4590 594 4639 conf.
615 4592 662 4638 ΙΙΙ.
685 4591 771 4648 ξ214.
793 4590 830 4637 Ut
841 4587 911 4636 brevi
961 4588 1064 4636 Accedit
1082 4588 1150 4648 quod
1171 4600 1256 4634 eorum
1277 4584 1398 4632 memoris
1412 4583 1499 4631 dicitur

685 4664 693 4687 h
