3242 5500
428 579 541 627 urana
567 579 769 628 sncuuuus.
798 562 816 642 §
842 562 925 629 280.-
1168 561 1237 630 235

124 775 226 846 quum
261 757 337 846 ipse
373 751 495 823 consul
521 759 613 822 esset
637 751 768 835 factus,
795 750 855 822 ille
880 751 1056 844 repulsam
1080 750 1238 836 tulisset,

124 868 154 930 et
186 861 221 929 in
246 859 321 930 eius
346 858 477 931 tabulis
500 858 699 932 ostenderet
722 859 859 944 literas,
886 860 930 929 A.
958 858 997 931 F.
1025 858 1064 932 P.
1093 859 1159 944 R.,
1186 859 1239 931 id-

124 992 187 1062 que
221 967 352 1039 diceret
381 992 476 1054 esse,
516 966 641 1040 Actum
654 967 731 1063 fide
753 966 799 1040 P.
819 965 969 1053 Rutilii,
997 967 1154 1041 Rutilius
1178 994 1240 1040 au-

123 1086 209 1161 tem,
247 1067 341 1149 Alite
368 1073 525 1171 factum,
559 1090 639 1171 post
669 1076 840 1157 celatum
879 1077 919 1149 C.
954 1077 1108 1164 Canius,
1134 1102 1241 1173 eques
1320 1163 1325 1170 ,

123 1186 319 1270 Romanus,
341 1211 457 1281 quum
481 1187 576 1258 Ruso
600 1186 754 1273 adesset,
782 1187 953 1258 exclamat
980 1195 1145 1258 neutrum
1170 1186 1241 1258 illis

124 1294 227 1366 literis
261 1294 451 1366 declarari:
492 1292 587 1377 Quid
616 1294 722 1391 erpo?
752 1296 873 1392 inquit
909 1295 1079 1381 Scarnus3
1124 1295 1240 1368 Aemi·

123 1402 184 1475 lius
201 1399 309 1497 fecit,
328 1403 493 1498 plectitur
510 1402 678 1476 Rutilius.

166 1512 343 1585 Ridentur
376 1512 480 1585 etiam
516 1512 765 1608 discrepantia:
809 1510 905 1596 Quid
930 1513 1008 1586 ltoic
1036 1512 1312 1596 oberantem

122 1645 172 1694 ces
198 1635 231 1694 et
260 1622 399 1706 uirtus?
433 1621 534 1692 Bella
569 1621 676 1693 etiam
710 1629 765 1694 est
793 1622 974 1695 familiaris
997 1622 1240 1719 reprehensm,
1269 1642 1312 1687 281

122 1731 215 1825 quasi
252 1731 418 1815 errantis;
452 1738 512 1816 ut,
537 1755 648 1826 quum
672 1729 1042 1826 obiurgavithlbium
1067 1733 1239 1818 Granius,

122 1839 230 1934 quod,
257 1864 369 1935 quum
392 1840 468 1912 eius
488 1839 620 1914 tabulis
637 1840 807 1935 quiddam
825 1839 868 1912 ab
888 1841 1038 1912 Albucio
1055 1840 1242 1937 probatum

121 1948 311 2034 videretur,
327 1951 380 2020 ‘et
413 1949 514 2020 valde
538 1949 700 2022 absoluto
724 1950 887 2022 Scaevola
912 1950 1100 2044 gauderet,
1126 1975 1241 2047 neque

121 2057 343 2154 intelligeret,
362 2066 483 2130 contra
501 2083 581 2131 suas
597 2058 737 2132 tabulas
754 2083 829 2132 esse
842 2056 1120 2144 iudicatum,***
1145 2058 1242 2133 Huic
1266 2094 1313 2138 sss

122 2167 239 2239 similis
265 2176 320 2239 est
341 2168 447 2239 etiam
468 2168 663 2241 admonitio
686 2169 723 2240 in
747 2169 893 2241 consilio
910 2167 1026 2239 dando
1043 2167 1241 2255 familiaris;

121 2284 158 2347 ut
180 2301 293 2373 quum
317 2286 465 2372 patrono
489 2277 602 2363 malo,
628 2303 739 2375 quum
764 2301 884 2349 vocem
910 2277 946 2348 in
970 2275 1118 2347 dicendo
1140 2277 1241 2349 obtu-

122 2385 244 2472 disset,
272 2386 443 2459 suadebat
466 2387 640 2472 Granius,
665 2396 706 2459 ut
722 2387 878 2459 mulsum
895 2384 1065 2481 frigidum
1087 2384 1241 2472 biberet,

122 2494 262 2568 simulac
297 2495 441 2568 domum
474 2496 642 2582 redisset,
677 2494 853 2582 Perdam,
889 2495 1025 2591 inquit,
1059 2497 1243 2578 vocemsi
1339 2481 1346 2493 ’

121 2603 158 2676 id
179 2599 308 2697 secere.
363 2603 494 2678 Melius
524 2617 593 2691 est,
632 2604 769 2699 inquit,
806 2629 913 2699 quam
935 2629 1041 2677 reum.
1100 2604 1241 2677 Bellum
1267 2633 1314 2678 ssa

122 2713 222 2785 etism
247 2722 322 2801 est,
350 2738 480 2810 quum,
507 2714 594 2811 quid
613 2715 742 2809 cuique
764 2714 811 2786 sit
833 2721 1127 2803 consentaneum,
1155 2714 1240 2787 dici·

122 2831 191 2907 tur3
222 2832 265 2895 ut
295 2848 406 2919 quum
432 2825 582 2896 Scaurus
609 2824 816 2896 nonnullam
841 2822 983 2895 haberet
1007 2824 1174 2896 invidiam
1199 2848 1241 2895 ex

121 2957 177 3018 eo,
203 2932 303 3029 quod
327 2932 538 3029 ljhrygionis
555 2932 733 3030 Pompeii,
759 2933 941 3029 locupletis
959 2933 1128 3018 hominis,
1149 2931 1242 3003 bona

122 3043 191 3113 sine
224 3049 439 3113 testamento
476 3042 697 3138 possederat,
733 3042 938 3139 sederetque
971 3042 1159 3115 advocatus
1183 3066 1242 3113 reo

22 3227 23 3251 ,
120 3151 279 3236 Bestiae,
307 3175 418 3245 quum
439 3152 546 3224 funus
571 3152 750 3248 quoddam
773 3151 978 3236 duceretur,
1005 3159 1183 3223 accusator
1201 3151 1241 3221 C.

122 3259 331 3345 Memmium
376 3257 481 3347 Vide,
517 3262 655 3358 inquit,
681 3257 830 3342 Scaure,
854 3272 1012 3333 mortuus
1032 3260 1189 3351 rapitur,
1215 3261 1246 3333 si

120 3383 210 3461 potes
241 3393 315 3443 esse
336 3393 524 3463 possessor.
578 3370 648 3454 Sed
678 3394 720 3441 ex
745 3369 800 3441 his
825 3368 991 3441 omnibus
1016 3369 1106 3441 nihil
1131 3370 1244 3464 magis
1271 3410 1317 3455 231.

120 3478 268 3565 ridetur,
307 3503 414 3573 quam
447 3478 543 3574 quod
567 3489 621 3552 est
644 3489 779 3574 praeter
803 3477 1116 3574 exspectationem,
1144 3480 1244 3550 cuius

121 3587 389 3660 innumerabilia
420 3596 502 3660 sunt
524 3589 704 3683 exempla,
730 3588 784 3659 vel
804 3587 934 3683 Appii,
960 3586 1101 3657 maioris
1126 3586 1240 3671 illius,

121 3698 178 3792 qui
212 3699 250 3770 in
290 3705 435 3781 senatu,
461 3722 572 3793 quum
597 3706 760 3792 ageretur
781 3697 826 3768 de
849 3696 943 3791 agris
966 3693 1117 3790 publicis
1142 3703 1176 3766 et
1199 3694 1242 3766 de

121 3806 193 3901 lege
227 3808 377 3892 Thoria,
414 3815 450 3878 et
474 3815 690 3901 premeretur
713 3804 871 3878 Lucilius
895 3803 938 3877 ab
964 3805 1026 3890 iis,
1053 3804 1115 3899 qui
1139 3829 1160 3875 a
1182 3828 1241 3900 pe·

120 3940 192 3987 core
229 3916 307 3988 eius
346 3915 486 4011 depasci
523 3940 624 4011 agros
662 3915 822 4011 publicos
859 3914 1034 4000 dicerent,
1068 3911 1154 3986 Non
1173 3926 1241 3999 est,

121 4299 190 4344 quam
202 4287 252 4335 alio
261 4286 342 4335 verbo
350 4292 477 4348 sequente.
496 4287 656 4345 Conf.§285,
706 4286 786 4349 ipsum
807 4285 888 4335 facete
909 4285 1018 4344 dictum,
1033 4300 1083 4334 non
1097 4285 1179 4344 Attii,
1200 4286 1244 4335 sed

122 4364 453 4414 cuinslocialiamrationem
461 4364 656 4413 esseestendam.
707 4365 801 4413 Granii.

152 4444 208 4490 281.
227 4446 318 4491 contra
330 4457 389 4491 ruas
402 4444 658 4492 commoraturus·
740 4445 798 4490 284.
817 4444 846 4489 de
858 4446 908 4505 Iope
927 4442 1015 4489 Thoria
1029 4468 1069 4488 -.
1095 4443 1188 4490 Desero
1206 4445 1242 4491 in·

122 4519 179 4566 tum.
195 4523 252 4569 Non
264 4522 404 4578 intercedo,
417 4536 465 4582 quo
473 4522 554 4570 minus
561 4522 658 4569 Ernesti
707 4521 908 4582 terpretationem
917 4520 989 4567 huius
996 4519 1043 4566 loci
1051 4520 1164 4578 difficilis,
1170 4535 1244 4582 quarn

122 4598 224 4658 suspicio
242 4597 376 4660 probetur,
395 4611 450 4660 post
465 4600 527 4647 haec
540 4599 657 4647 excidisse
707 4613 892 4659 proposueram.
916 4597 984 4645 Nihil
997 4602 1080 4646 tamen
1095 4613 1244 4659 equaquam
