3242 5500
376 542 444 610 198
688 561 801 610 uranu
828 562 1031 612 succursus
1060 544 1077 624 §
1104 541 1185 612 186.

374 735 593 820 existiment,
628 735 716 830 quid
745 744 967 829 exspectent,
1002 734 1088 829 quid
1118 734 1248 820 velint,
1275 758 1345 828 quo
1371 733 1487 806 deduci

300 859 345 909 rar
372 844 529 916 oratione
571 845 736 918 facillime
776 870 878 941 posse
918 844 1119 916 videantur:
1161 845 1190 917 si
1226 868 1263 916 se
1299 843 1405 928 dant,
1439 852 1488 928 ot,

370 961 411 1024 ut
446 961 529 1026 ante
565 953 658 1040 dixi,
698 978 761 1026 sua
797 963 941 1051 sponte,
968 978 1039 1050 quo
1063 955 1300 1049 impellimus,
1327 953 1488 1026 inclinant

368 1072 473 1158 atque
497 1064 738 1158 propendent,
764 1064 917 1160 accipio,
944 1064 1041 1160 quod
1058 1065 1180 1149 datur,
1207 1072 1242 1136 et
1259 1064 1305 1135 ad
1322 1063 1378 1148 id,
1404 1062 1488 1134 unde

367 1173 495 1268 aliquis
519 1173 624 1246 flatus
647 1174 866 1260 ostenditur,
892 1175 969 1247 vela
994 1174 1057 1246 do:
1086 1175 1140 1248 sin
1167 1181 1219 1246 est
1243 1174 1383 1268 integer
1400 1171 1487 1267 quie·

367 1292 495 1378 tusque
518 1283 645 1370 iudex,
671 1284 751 1379 plus
775 1291 827 1356 est
843 1284 973 1379 operis3
1000 1293 1082 1355 sunt
1100 1283 1196 1356 enim
1212 1283 1331 1356 omnia
1349 1280 1488 1354 dicendo

368 1393 573 1479 excitanda,
622 1393 711 1464 nihil
748 1392 936 1466 adiuvante
971 1400 1115 1466 natura:
1157 1393 1220 1464 sed
1255 1399 1393 1464 tantam
1426 1390 1488 1460 vim

368 1501 474 1576 habet
505 1502 585 1587 illa,
621 1527 711 1598 quac
743 1512 837 1574 recte
866 1527 886 1574 a
918 1501 1011 1576 bono
1044 1511 1146 1598 poeta
1177 1502 1272 1574 dicta
1308 1508 1363 1572 est
1385 1502 1487 1597 flecc-

367 1612 465 1684 nima
488 1623 590 1708 atquc
615 1612 770 1686 omnium
790 1611 913 1709 rapina
928 1637 1063 1698 rernm,
1089 1612 1214 1698 oratio,
1242 1619 1378 1682 utnon
1396 1609 1488 1680 modo

256 1799 261 1806 ,
367 1721 594 1793 inclinantem
627 1722 804 1817 excipere,
831 1731 893 1794 aut
917 1729 1067 1794 stantem
1090 1721 1278 1808 inclinare,
1305 1719 1488 1794 sedetiam

367 1830 609 1903 adversantem
650 1841 685 1904 et
721 1839 1000 1928 repugnantem,
1039 1839 1079 1904 ut
1109 1831 1298 1926 imperator
1321 1829 1434 1902 bonus
1456 1852 1489 1898 ac

371 1941 488 2025 fortis,
514 1964 636 2035 capere
660 1941 779 2037 possit.

263 2053 268 2060 ’
297 2047 343 2113 45
419 2049 518 2121 Haec
551 2058 634 2123 sunt
665 2050 743 2136 illa,
778 2074 869 2145 quae
900 2075 957 2122 me
982 2050 1108 2122 ludens
1134 2049 1282 2122 Crassus
1307 2051 1411 2123 modo
1434 2037 1486 2122 fla'-

301 2173 346 2220 188
371 2158 523 2253 gitabat,
544 2183 655 2254 quum
667 2184 688 2232 a
701 2183 757 2231 mc
770 2160 938 2232 divinitus
950 2159 1088 2232 tractari
1105 2159 1215 2232 solere
1231 2159 1379 2246 diceret,
1406 2160 1487 2232 etin

370 2292 474 2341 causa
496 2265 550 2340 Μ’
581 2268 748 2365 Aquillii,
778 2268 892 2365 (ique
915 2269 1090 2354 Norbani,
1121 2269 1373 2366 nonnullisque
1402 2249 1487 2353 aliis,

371 2378 471 2474 quasi
503 2378 678 2473 praeclare
713 2386 790 2450 acta
827 2379 1004 2464 laudaret3
1052 2402 1142 2474 quae
1175 2378 1375 2450 mehercule
1410 2403 1486 2474 ego,

372 2487 516 2572 Crasse,
545 2512 656 2582 quum
680 2512 701 2559 a
723 2495 758 2560 te
773 2495 969 2560 tractantur
993 2489 1029 2560 in
1056 2487 1190 2573 causis,
1217 2487 1358 2560 horrere
1382 2489 1485 2560 soleo:

370 2605 469 2669 tanta
500 2597 552 2668 vis
585 2597 714 2683 animi,
747 2605 868 2670 tantus
897 2598 1068 2694 impetuS,
1095 2606 1216 2670 tantus
1242 2597 1342 2670 dolor
1365 2599 1486 2682 oculis,

371 2706 492 2793 vultu,
527 2715 650 2802 gestu,
682 2706 795 2803 digito
822 2706 974 2803 denique
995 2708 1062 2779 isto
1087 2717 1148 2779 tuo
1172 2707 1364 2803 significari
1388 2708 1486 2793 solet,

370 2826 508 2889 tantum
541 2826 594 2889 est
625 2817 757 2889 flumen
790 2817 1074 2913 gravissimorum
1107 2818 1388 2915 optimorumque
1421 2841 1486 2888 ver·

369 2926 515 3012 borum,
541 2937 613 2999 tam
638 2926 796 3022 integrae
822 2928 1031 3012 sentcntiae,
1058 2935 1130 2999 tam
1148 2951 1263 3013 verae,
1285 2936 1358 2999 tam
1374 2952 1486 3010 novae,

370 3047 442 3108 tam
468 3038 544 3108 sine
568 3036 761 3131 pigmentis
785 3036 936 3131 fucoque
959 3036 1106 3133 puerili,
1133 3044 1173 3108 ut
1190 3036 1277 3107 mihi
1294 3061 1365 3108 non
1383 3037 1487 3109 solum

299 3170 344 3213 ras
371 3155 411 3217 tu
432 3145 618 3216 incendere
641 3144 814 3230 iudicem,
843 3145 905 3217 sed
922 3149 996 3241 ipse
1009 3145 1151 3217 incendi
1170 3146 1327 3219 videaris.
1372 3148 1488 3241 Neque

371 3254 447 3325 fieri
474 3262 588 3350 potest
618 3261 657 3325 ut
685 3254 800 3327 doleat
824 3257 873 3339 io,
908 3256 970 3351 qui
994 3255 1113 3339 audit,
1146 3264 1185 3327 ut
1210 3255 1344 3341 oderit,
1378 3265 1417 3327 ut
1440 3255 1486 3326 in-

372 3362 507 3449 videat,
534 3371 573 3434 ut
597 3364 819 3459 pertimescat
840 3364 995 3460 aliquid,
1024 3373 1062 3435 ut
1087 3364 1131 3435 ad
1156 3365 1277 3435 fletum
1303 3365 1486 3437 misericor·

371 3472 536 3569 diamque
559 3472 771 3558 deducatur,
799 3473 868 3544 nisi
896 3497 1017 3545 omnes
1042 3474 1067 3545 ii
1090 3483 1207 3546 motus
1236 3468 1263 3568 1,
1271 3499 1360 3569 quos
1382 3482 1488 3545 orator

370 3581 536 3654 adhibere
570 3583 662 3654 volet
698 3582 807 3653 iudici
819 3578 845 3677 ‚]
886 3583 922 3671 in
961 3584 1038 3679 ipsc
1075 3592 1210 3655 oratore
1238 3584 1398 3680 impressi
1415 3580 1488 3654 'esse

369 3700 475 3789 atque
504 3692 614 3764 inusti
644 3691 867 3764 videbuntur.
921 3692 1029 3768 Quod
1052 3692 1080 3764 si
1113 3692 1216 3765 lictus
1247 3692 1375 3788 aliquis
1388 3692 1488 3787 ¹dolor

368 3866 535 3875 ——nn—

406 3965 461 4014 187.
479 3966 638 4011 inclinantem
653 3964 775 4023 accipere.
793 3964 852 4013 Sine
864 3965 909 4011 du·
959 3966 1062 4023 iterum,
1078 3970 1090 4023 §
1106 3968 1163 4015 268.

369 4043 569 4091 bioveralecticz
584 4043 727 4102 sternere.
745 4044 909 4104 Supra,§32,
996 4045 1051 4091 188.
1068 4043 1113 4091 aed
1125 4045 1177 4105 ipae
1190 4044 1287 4092 incendi
1301 4046 1411 4093 rideatis.
1439 4047 1487 4104 Ap·

369 4123 435 4170 idem
448 4121 587 4181 excipiendi
601 4119 705 4169 verbum
719 4122 828 4182 ponitur.
958 4122 1006 4170 tius
1031 4122 1079 4171 hoc
1100 4137 1153 4171 esse
1173 4128 1233 4183 puto
1252 4138 1312 4185 prae
1334 4122 1488 4173 Lambinianc

402 4201 432 4248 nt
446 4201 582 4261 imperator
594 4226 636 4256 -,
651 4213 738 4259 capere
745 4200 835 4259 poerit.
854 4202 909 4247 Non
959 4201 1072 4249 inoennn
1084 4216 1135 4248 care
1148 4202 1196 4248 nid.

369 4279 496 4342 intelligo,
511 4278 698 4340 quamproprie
713 4279 744 4325 sit
757 4278 783 4324 h.
798 4280 816 4325 l.
831 4280 908 4337 impe·
995 4280 1050 4327 189.
1069 4294 1145 4341 neque
1152 4280 1213 4341 fieri
1221 4282 1308 4339 potest
1321 4308 1352 4316 —
1368 4281 1443 4327 {muli
1455 4277 1486 4327 ni·

369 4358 463 4405 raterio
482 4356 625 4405 similitudo.
661 4356 734 4413 Quod
755 4370 800 4416 pro
822 4370 909 4417 capere
958 4357 1090 4405 docuntur.
1124 4358 1205 4407 Facile
1229 4360 1488 4411 accommodantem,

369 4434 573 4484 commendabam
594 4447 696 4494 rapere,
718 4448 785 4480 nunc
805 4434 908 4490 descr03
958 4449 1021 4495 quae
1042 4435 1082 4483 hio
1103 4437 1219 4485 dicuntur
1240 4437 1350 4485 eiusdem
1371 4450 1421 4485 esse
1434 4449 1486 4484 sen-

370 4528 416 4561 nec
430 4519 513 4562 tamen
527 4514 607 4574 ipsum
620 4512 906 4570 ouperernihisatisfacit.
957 4514 1048 4561 tentiae
1062 4520 1135 4574 utque
1149 4514 1204 4571 illa,
1219 4529 1283 4575 quae
1298 4517 1380 4575 paullo
1394 4516 1448 4575 post
1454 4513 1486 4558 la-

370 4591 452 4640 Fortu
472 4595 497 4640 et
516 4592 591 4638 botrus
613 4591 748 4650 inperator
768 4592 907 4650 appellatur
957 4591 1052 4653 gimus,
1076 4597 1087 4651 ξ
1111 4594 1168 4641 19οι
1188 4594 1230 4641 sed
1246 4594 1293 4641 hoc
1307 4590 1487 4642 concedendum
