3242 5500
447 592 560 641 nraaa
587 592 755 641 ruamus
784 574 801 655 §
827 575 885 643 58.
1157 574 1227 645 297

106 758 166 831 alii
203 761 249 833 ad
284 772 498 857 geometras,
536 762 596 835 alii
631 762 677 834 ad
712 764 865 836 musicos
899 764 1142 849 contulerunt,
1168 764 1229 835 alii

106 868 235 956 etiam,
261 882 301 945 ut
325 872 513 958 dialectici,
540 896 670 943 novum
687 871 755 943 sibi
772 873 842 969 ipsi
858 873 1016 946 studium
1034 872 1229 967 ludumque

106 990 340 1074 pepererunt,
376 990 484 1079 atque
518 982 554 1054 in
593 980 636 1055 iis
668 981 824 1068 artihnr,
851 1007 941 1077 quae
964 990 1121 1078 repertae
1145 990 1229 1054 sunt

105 1096 144 1159 ut
170 1114 361 1183 puerorum
384 1100 521 1164 mentes
546 1091 591 1164 ad
615 1090 870 1163 humanitatem
892 1092 1110 1187 fingerentur
1125 1099 1230 1187 atque

106 1198 296 1286 virtutem,
335 1225 438 1272 omne
470 1210 610 1296 tempus
646 1208 752 1295 atque
787 1208 918 1273 aetates
953 1226 1033 1272 suas
1066 1225 1228 1272 consum·

106 1317 240 1380 serunt.
695 1314 699 1320 “

157 1416 248 1503 Sed,
285 1419 379 1514 quod
415 1428 514 1491 erant
546 1419 710 1516 quidam,
749 1418 845 1515 iique
870 1419 994 1505 multi,
1021 1418 1083 1515 qui
1107 1428 1167 1491 aut
1192 1418 1228 1490 in
1259 1420 1303 1488 16

106 1550 144 1596 re
167 1527 311 1621 publica
333 1535 474 1625 propter
492 1529 702 1623 ancipitem,
729 1552 820 1623 quae
843 1553 914 1600 non
940 1536 1153 1624 potestesse
1177 1552 1229 1601 se·
1257 1546 1287 1589 ⁵9

106 1636 248 1722 iuncta,
285 1637 436 1710 faciendi
469 1638 681 1733 dicendique
718 1637 925 1733 sapientiam
970 1638 1156 1723 florerent,
1191 1646 1232 1709 ut

107 1745 382 1833 Themistoclea,
419 1756 459 1820 ut
496 1747 667 1833 Pericles,
703 1756 744 1818 ut
780 1746 1033 1832 Theramenem
1061 1755 1143 1832 aut,
1170 1746 1232 1841 qui

107 1854 227 1926 minus
250 1856 319 1951 ipsi
344 1857 381 1928 in
410 1881 446 1928 re
469 1856 610 1951 publica
633 1864 872 1942 versarentur,
899 1857 960 1928 sed
985 1856 1090 1927 huius
1114 1863 1231 1927 tamen

108 1963 268 2036 eiusdem
294 1966 485 2061 sapientiae
508 1966 666 2038 doctores
695 1975 832 2051 essent,
859 1974 900 2037 ut
924 1966 1095 2061 Gorgias,
1122 1964 1231 2036 'Phra-

108 2074 317 2166 symachus‚
345 2074 530 2161 isocratcs3
557 2073 694 2146 inventi
718 2082 799 2146 sunt
824 2076 902 2170 qui,
929 2099 1040 2170 quum
1064 2075 1133 2170 ipsi
1150 2074 1231 2146 doc·

109 2182 202 2253 trina
236 2190 270 2254 et
299 2184 442 2279 ingenio
474 2183 714 2268 abundarent,
751 2207 771 2253 a
800 2207 838 2254 re
870 2190 987 2254 autem
1016 2183 1109 2255 civili
1144 2190 1179 2255 et
1212 2206 1232 2252 a

108 2292 264 2385 negotiis
298 2293 407 2364 animi
437 2293 589 2388 quodam
619 2293 748 2365 iudicio
782 2292 1028 2378 abhorrerent,
1064 2292 1154 2363 banc
1179 2291 1232 2362 di·

108 2400 213 2472 candi
248 2402 532 2474 exercitationem
567 2402 784 2497 exagitarent
818 2408 922 2497 atque
950 2408 1231 2473 contemnerent:

109 2532 261 2604 quorum
286 2510 450 2608 princeps
475 2513 630 2584 Socrates
658 2506 753 2606 [fuit
807 2511 861 2597 Is,
888 2511 950 2607 qui
974 2511 1131 2583 omnium
1155 2534 1232 2581 eru·
1260 2524 1290 2568 ⁶⁰

111 2806 186 2853 Pron.
201 2804 235 2853 ita
249 2805 349 2853 demum
363 2805 476 2855 Relativo
489 2806 613 2868 praemitti
625 2811 650 2855 et
698 2806 822 2863 Isocrate,
844 2806 914 2854 Orat.
936 2809 948 2862 t
970 2803 1030 2866 41);
1047 2805 1114 2866 atqui
1126 2806 1234 2854 amatam

110 2884 187 2938 solet,
202 2889 228 2931 et
241 2889 354 2944 oportet,
372 2884 392 2932 si
405 2886 446 2932 vel
459 2885 577 2946 peculiari
590 2891 649 2933 nota
697 2885 853 2932 eruditorum
871 2883 989 2931 iudicium
1007 2882 1050 2931 ubi
1061 2884 1234 2947 consignatum

111 2961 163 3021 quis
171 2960 204 3009 ab
211 2961 455 3024 alicdistingueudus
461 2969 505 3020 est,
513 2964 554 3011 vel
560 2962 648 3011 idsub·
698 2977 750 3011 esse
764 2967 875 3024 poterat,
890 2962 923 3010 ita
937 2966 964 3010 ut
977 2977 1023 3023 pro
1037 2963 1175 3020 testimonio
1189 2963 1233 3010 ha-

110 3040 204 3097 iicitur,
218 3054 269 3100 quo
282 3054 324 3098 ea,
337 3055 399 3102 quae
412 3042 649 3101 sequuntur,acrius
696 3040 806 3089 bendum
828 3042 909 3088 esset?
943 3041 1006 3087 Tum
1026 3040 1128 3101 puerilis
1142 3042 1235 3089 astilia

111 3123 260 3181 arguantur,
274 3119 351 3166 veluti
365 3119 419 3166 Fin.
435 3119 455 3165 l.
471 3123 483 3177 ξ
499 3121 542 3168 57:
559 3121 650 3167 clamat
697 3120 832 3168 cumulatio
845 3119 953 3166 omnium
965 3119 1236 3168 mditorumettcttm

111 3195 249 3257 Epicurus,
271 3198 305 3253 is,
328 3211 398 3258 quem
418 3211 458 3245 vos
481 3197 553 3243 nimia
565 3199 648 3258 wicp-
700 3197 827 3245 Graeciae.
860 3199 953 3244 Verum
972 3210 1069 3258 quoque
1083 3197 1180 3245 excedit
1192 3198 1235 3245 illa

112 3276 205 3322 tatibus
222 3288 273 3322 ease
286 3274 397 3322 deditum
410 3275 505 3332 dicitis,
520 3289 650 3335 corporae
698 3275 835 3333 affirmatio,
848 3281 873 3324 et
885 3276 980 3324 recedit
993 3291 1007 3324 a
1021 3277 1147 3323 communi
1159 3276 1234 3335 fama,

111 3352 217 3400 iucunde
232 3353 292 3411 cici,
307 3352 355 3399 abi
366 3354 493 3413 sapienter
504 3355 648 3402 -oiaatar⁸
697 3368 772 3414 quam
786 3354 873 3402 Cicero
887 3368 937 3401 non
951 3355 1028 3402 semel
1042 3366 1234 3413 commemorat,

112 3433 167 3478 Non
181 3445 242 3479 sane
256 3445 318 3492 opus
330 3436 383 3479 erat
389 3431 521 3494 designari,
533 3432 587 3493 quis
594 3447 648 3479 orn·
697 3432 824 3480 Socratem
845 3431 968 3493 Apollinis
988 3432 1089 3480 oraculo
1106 3433 1235 3493 sapientis·

112 3509 169 3558 nino
184 3514 250 3557 esset
264 3509 401 3570 Epicurus,
416 3510 459 3557 sed
470 3509 533 3558 falso
541 3511 649 3559 accusari
697 3509 786 3557 simum
800 3509 876 3558 fuisse
890 3510 1033 3557 iudicatum.
1047 3536 1081 3546 -
1094 3511 1236 3559 Incnume·

112 3602 183 3644 eum,
199 3587 345 3648 criminique
356 3587 474 3649 placitum
486 3588 587 3650 opponi.
606 3590 650 3638 Ni·
697 3588 792 3636 ratione
809 3593 892 3646 autem
906 3602 935 3636 ac
948 3587 1120 3636 distributione
1133 3603 1235 3645 eorum,
1268 3647 1270 3650 Α

113 3665 147 3713 hil
159 3679 243 3726 neque
256 3664 338 3722 huius,
354 3680 434 3726 neque
446 3666 545 3715 alterius
552 3666 650 3729 generis
698 3665 786 3728 quibus
801 3667 914 3715 Socrates
926 3667 1074 3727 praestitisse
1086 3667 1176 3715 dicitur
1182 3667 1236 3716 aliis

114 3757 178 3791 nanc
192 3744 224 3790 de
239 3744 341 3792 Socrate
356 3744 519 3804 praedicatur,
534 3744 649 3806 quodque
697 3743 827 3802 omnibus,
849 3744 936 3793 omitto
956 3759 1023 3792 nunc
1045 3745 1162 3807 coniungi
1170 3761 1235 3805 pru·

113 3822 215 3879 dicitur,
238 3826 267 3869 ut
279 3821 408 3870 minimum
422 3823 517 3879 dicam,
533 3823 649 3871 otiosissi·
698 3823 823 3881 dentiam,
844 3837 960 3879 acumen,
979 3825 1128 3870 aemulatam
1143 3829 1168 3872 et
1180 3825 1236 3872 aab·

114 3915 179 3947 nrum
194 3905 239 3948 est.
259 3899 398 3957 Praeterea,
410 3900 435 3948 in
446 3901 649 3950 illasocratisre·
699 3902 832 3959 tilitatem,
853 3900 884 3950 ab
901 3901 979 3961 iisque
994 3901 1110 3964 distingui
1124 3905 1237 3964 eloquea-

113 3978 278 4039 prehensione
292 3977 393 4025 minime
407 3978 651 4028 conveniebatcom·
699 3980 760 4027 tiam
787 3979 875 4043 (quam
893 3979 985 4028 rectius
1005 3979 1032 4027 h.
1053 3981 1071 4027 l.
1092 3983 1238 4044 elepaatiam

114 4055 245 4106 memorari
271 4069 328 4103 eum
359 4057 466 4103 amatam
497 4057 651 4105 ascitorum
699 4058 900 4119 appellavisset),
935 4059 1095 4115 aretatem,
1128 4061 1237 4120 copiam,

115 4135 251 4182 rasamenta
270 4133 402 4196 prudentia
420 4139 445 4182 et
458 4135 558 4196 reliquis
572 4135 650 4184 omui·
699 4151 775 4200 quum
792 4141 875 4184 tamen
890 4149 976 4184 omnes
989 4137 1047 4184 illac
1060 4136 1125 4186 bene
1140 4139 1238 4186 dicendi

114 4211 158 4261 bus
178 4211 313 4261 virtutibus
330 4213 470 4272 principem
485 4213 579 4272 sciara.
614 4215 651 4263 Ne
699 4216 785 4264 laudes
803 4219 893 4264 essent.
929 4215 1017 4264 cicero
1030 4215 1083 4277 ipse
1096 4216 1171 4279 longe
1184 4232 1237 4265 mo-

115 4291 281 4338 teattmcaiam
301 4290 401 4351 quidem
421 4295 477 4352 apte
492 4291 518 4340 lr.
531 4293 550 4339 l.
565 4293 652 4353 appel·
699 4294 808 4351 destius,
824 4297 850 4341 et
862 4293 1017 4356 elegantius,
1032 4299 1058 4342 et
1069 4294 1152 4343 verius
1165 4300 1192 4344 et
1207 4296 1239 4344 de

115 4368 191 4427 latur,
221 4383 298 4430 quum
318 4368 408 4417 rectius
428 4369 515 4418 fuisset
534 4370 652 4418 iudicium
700 4374 799 4421 Socrate
819 4371 977 4434 pronuntiat,
993 4371 1063 4419 Brut.
1077 4376 1090 4430 ξ
1104 4373 1151 4429 31,
1167 4378 1192 4422 et
1208 4374 1240 4423 de

115 4449 255 4508 appellare:
284 4461 343 4494 nam
364 4449 530 4496 testimonium
550 4449 653 4512 cogitari
701 4451 819 4508 Platone,
834 4464 923 4512 supra,
938 4451 960 4498 Ι.
976 4454 988 4507 t
1004 4451 1044 4499 47.
1074 4453 1129 4499 Hoc
1142 4465 1241 4512 quoque

114 4540 164 4573 non
177 4529 260 4587 potest
273 4527 326 4574 sine
341 4526 432 4574 diserta
444 4526 527 4574 iudicii
539 4527 652 4575 enuntia·
701 4528 804 4576 nimium
832 4534 883 4585 est,
912 4543 988 4589 quum
1011 4527 1101 4576 dicitur
1123 4543 1195 4590 qaam
1215 4545 1242 4578 ae

113 4604 180 4652 tione
204 4603 281 4667 (sicut
303 4605 469 4653 testimoniam
490 4604 602 4653 Platonis
622 4606 653 4654 de
702 4621 804 4668 cumque
818 4607 845 4654 ia
853 4609 955 4666 partem
972 4606 1091 4665 dedisset,
1107 4608 1127 4656 si
1141 4608 1241 4656 hocve-
