3242 5500
461 559 574 607 innon
601 560 769 609 rnnrrns.
799 542 817 621 ἓ
843 540 900 609 34.
1173 541 1243 610 285

117 740 233 817 tores,
270 732 418 804 totidem
452 756 563 826 paene
597 732 817 829 reperiantur
847 755 975 827 genera
999 731 1166 804 dicendi?
1190 732 1246 805 Ex

117 866 189 936 qua
215 866 294 913 mea
319 842 557 937 disputatione
582 842 727 915 forsitan
758 850 917 914 occurrat
941 841 1052 927 illud,
1080 842 1110 913 si
1134 866 1245 937 paene

117 949 396 1023 innumerabiles
434 952 505 1023 sint
540 952 640 1048 quasi
675 952 806 1023 formae
842 952 1051 1045 figuraeque
1084 951 1244 1037 dicendi,
1290 948 1299 965 ‘

118 1061 236 1155 specie
261 1060 439 1155 dispares,
466 1085 594 1156 genere
619 1061 832 1146 laudabiles,
859 1084 929 1131 non
954 1084 1056 1156 posse
1072 1085 1129 1145 ea,
1156 1085 1246 1154 quae

118 1171 213 1241 inter
259 1194 296 1241 se
343 1170 562 1265 discrepent,
611 1171 738 1243 iisdem
785 1171 983 1267 praeceptis
1026 1178 1133 1265 atque
1174 1194 1246 1241 una

117 1280 347 1351 institutione
381 1280 534 1353 formari.
587 1280 695 1357 Quod
731 1304 802 1352 non
841 1289 894 1352 est
923 1280 991 1363 ita3
1018 1278 1245 1374 diligentissi·
1271 1303 1302 1349 as

118 1412 248 1483 meque
285 1388 351 1461 hoc
388 1398 442 1461 est
475 1389 540 1474 iis,
573 1389 635 1485 qui
659 1389 852 1461 instituunt
875 1389 1012 1484 aliquos
1036 1399 1143 1484 atque
1167 1413 1244 1460 eru-

118 1498 244 1582 diunt,
282 1498 494 1583 videndum,
533 1523 603 1593 quo
639 1523 701 1570 sna
738 1521 916 1595 quemque
945 1506 1071 1570 natura
1095 1499 1247 1570 maxime

43 1610 50 1633 '
118 1607 209 1679 ferre
242 1607 414 1680 videatur.
467 1607 607 1679 Etenim
630 1608 790 1681 videmus
817 1633 860 1679 ex
887 1607 1011 1681 eodem
1037 1607 1138 1701 quasi
1163 1607 1247 1679 ludo

119 1740 341 1789 summorum
371 1717 408 1789 in
439 1741 502 1789 suo
526 1718 698 1815 cuiusque
721 1741 850 1813 genere
873 1717 1049 1789 artificum
1074 1725 1109 1789 et
1134 1717 1245 1811 magi·

121 1836 277 1897 strornm
312 1826 425 1898 exisse
462 1826 654 1923 discipulos
680 1827 869 1899 dissimiles
894 1826 987 1898 inter
1012 1850 1070 1911 se,
1096 1834 1248 1897 attamen

118 1936 339 2021 laudandos,
366 1960 476 2033 quum
502 1935 546 2008 ad
568 1937 739 2031 cuiusque
756 1944 919 2008 naturam
936 1935 1113 2007 institutio
1130 1936 1247 2008 docto-

117 2046 168 2117 ris
202 2046 543 2118 accommodaretur:
581 2047 682 2118 cuius
707 2055 760 2119 est
784 2047 839 2118 vel
864 2045 1015 2117 maxime
1040 2046 1180 2139 insigne
1205 2046 1245 2117 il·
1272 2060 1302 2104 36

118 2154 185 2226 lud
232 2156 435 2250 exemplum
486 2160 541 2241 (ut
578 2164 709 2228 ceteras
745 2164 837 2227 artes
873 2155 1116 2240 omittamus),
1151 2155 1247 2251 quod

119 2263 262 2337 dicebat
296 2265 487 2351 Isocrates,
527 2266 647 2339 doctor
682 2265 891 2360 singularis,
928 2289 966 2336 se
994 2263 1187 2336 calcaribus
1209 2266 1246 2335 in

117 2374 285 2470 Ephoro,
312 2384 433 2447 contra
457 2384 574 2447 autem
599 2376 635 2448 in
662 2376 891 2470 Theopompo
915 2373 1023 2445 frenis
1047 2373 1100 2446 uti
1118 2374 1245 2445 solere:

118 2484 273 2555 alterum
309 2484 403 2556 enim
440 2486 676 2559 exsultantem
702 2483 888 2556 verborum
910 2482 1056 2555 audacia
1080 2484 1245 2578 reprime-

118 2592 202 2679 bat,
229 2594 380 2666 alterum
401 2604 639 2679 cunctantem,
663 2603 697 2667 et
720 2594 822 2689 quasi
846 2592 1142 2665 verecundantem
1159 2594 1246 2664 inci·

118 2702 240 2776 tabat:
280 2727 396 2800 neque
430 2728 488 2778 eos
523 2704 654 2777 similes
690 2703 805 2778 effecit
829 2703 923 2776 inter
947 2726 1003 2788 se,
1031 2701 1093 2774 sed
1112 2710 1248 2775 tanturn

118 2813 223 2886 alteri
249 2814 408 2900 affinxit,
440 2815 483 2886 de
512 2815 621 2887 altero
644 2814 799 2899 limavit,
826 2822 867 2885 ut
892 2813 931 2884 id
955 2813 1186 2913 conformaret
1210 2814 1247 2884 in

118 2933 293 3018 utroque,
320 2924 415 3019 quod
439 2925 635 3020 utriusque
649 2930 987 3018 naturapateretur.

171 3032 271 3106 Haec
300 3058 341 3104 eo
371 3033 458 3105 mihi
484 3033 717 3130 praedicenda
741 3034 905 3118 luerunt,
932 3042 993 3118 ut,
1020 3033 1145 3104 sinon
1171 3055 1244 3103 om·
1274 3033 1319 3101 10

119 3145 181 3215 nia
195 3203 225 3241 ,‚
242 3167 333 3238 quae
371 3151 612 3239 proponentur
645 3168 665 3214 a
700 3168 776 3228 me,
815 3143 860 3214 ad
896 3143 1059 3215 omnium
1092 3151 1247 3214 vestrum
1273 3159 1304 3208 37

119 3252 302 3337 studium,
342 3263 377 3323 et
414 3253 458 3324 ad
496 3277 608 3348 genus
645 3253 701 3339 id,
734 3253 831 3348 quod
856 3253 1007 3347 quisque
1030 3262 1185 3324 vestrum
1211 3253 1246 3324 in

119 3572 307 3622 excludendum
324 3578 369 3620 est.
395 3572 461 3630 Quid
474 3571 523 3620 huc
536 3571 611 3620 teniat
619 3573 665 3620 ¹uel
714 3573 740 3618 et
766 3586 843 3634 mou,
869 3569 971 3618 inclusit
990 3571 1125 3631 Kayseruu
1145 3571 1249 3620 formose

119 3652 190 3700 Orat.
214 3651 235 3698 1.
257 3654 269 3708 5
293 3651 355 3708 160,
376 3652 418 3698 vel
432 3651 526 3700 Gellius
547 3651 576 3697 V.
599 3652 621 3698 l.
636 3655 665 3709 a,
713 3649 872 3698 defendenda
883 3649 942 3697 coll.
957 3650 978 3697 1.
993 3653 1006 3706 ξ
1020 3650 1062 3697 23.

120 3745 171 3792 quo
197 3729 329 3778 Pideritius
352 3743 397 3778 uos
417 3729 532 3785 remittit,
553 3729 606 3790 ipse
627 3729 664 3777 ri·
747 3729 787 3776 36.
806 3729 892 3776 doctor
904 3726 1046 3787 stapatarte.
1065 3728 1250 3790 Nonegohaeo

118 3809 194 3860 derit.
687 3832 689 3862 =
712 3805 840 3863 abiciam,
861 3819 938 3867 quum
956 3805 983 3854 in
997 3806 1112 3855 Isocratis
1126 3807 1251 3856 mentione

154 3889 196 3936 34.
215 3890 290 3948 atque
303 3901 372 3934 omne
385 3886 512 3935 laudator.
537 3887 664 3936 Praestare
712 3890 906 3934 consentaneum
917 3883 1249 3936 aitutbocmodolaudetur.

119 3973 182 4029 puto
196 3965 272 4027 idque
284 3979 365 4022 omne,
383 3966 436 4013 sine
450 3979 499 4026 quo
513 3965 663 4014 Pronomine
745 3964 786 4013 37.
807 3963 980 4024 proponentur
1007 3990 1042 3999 —
1067 3964 1250 4013 adhaerescunt.

119 4059 172 4094 non
192 4044 252 4092 sutis
273 4044 299 4090 h.
320 4044 338 4090 l.
353 4043 444 4092 diserte
457 4043 579 4092 iudicatur
594 4042 663 4092 verbi
712 4046 750 4092 De
764 4057 820 4090 meo
834 4042 930 4091 restitui
940 4041 1114 4102 haeoFutura,
1128 4047 1250 4106 provulg.

119 4122 270 4172 subiectum.
706 4124 908 4182 proponerentur
920 4147 949 4156 -
966 4121 1178 4170 adhaerescerent.

154 4215 218 4263 qaae
241 4201 310 4248 ioter
332 4215 359 4247 se
379 4200 528 4260 discuperet.
571 4200 611 4248 Sic
631 4201 662 4248 de
746 4215 808 4262 qaae
827 4200 960 4259 eaptiraoit
979 4198 1110 4248 Antoniae.
1145 4201 1206 4258 Qui,
1224 4209 1252 4249 ut

120 4295 189 4337 meo,
204 4280 347 4341 postulante
360 4279 471 4339 syntaxi,
486 4279 581 4328 correxi
593 4280 662 4342 vulg.
713 4283 725 4338 ς
749 4280 778 4328 19
799 4277 941 4336 dicebatur,
963 4270 1023 4338 qaid
1041 4279 1091 4327 diei
1111 4279 1253 4328 adoratore

119 4360 273 4418 discrepant.
712 4360 846 4417 oporteret,
860 4361 1018 4417 exposuerat:
1035 4358 1136 4406 Crassus
1144 4358 1252 4419 explica-

154 4438 195 4486 35.
215 4436 258 4497 qai
278 4435 415 4482 irretitaaot
433 4437 535 4498 atiqaoa.
570 4437 662 4494 Immo,
712 4440 782 4484 turus
796 4441 845 4493 est,
861 4450 910 4497 quo
924 4436 1253 4499 modoeaetapeada(quod

119 4517 190 4564 otior¹
713 4515 744 4562 ad
759 4514 882 4563 actionem
895 4512 1024 4576 pertinet),
1040 4519 1065 4561 et
1078 4513 1182 4562 dicenda
1195 4515 1253 4576 sint,

154 4594 282 4655 artificum
294 4593 508 4657 etmaptatrorom.
528 4596 663 4650 Postrema,
712 4593 892 4642 lucratione
910 4592 1029 4640 ornanda.
