3242 5500
464 568 577 616 rnann
603 567 773 616 ruamus.
800 549 818 628 i
846 547 928 615 212.
1189 549 1257 616 365

124 741 326 825 tenuioris,
353 741 493 811 etitem
518 740 614 811 illius
639 740 823 811 mediocris
840 739 885 810 ad
902 739 958 825 id,
985 738 1080 832 quod
1096 763 1259 834 agemus,

125 849 433 922 accommodatam
458 849 665 944 deligamus.
719 848 945 922 Ornamentis
970 848 1094 920 iisdem
1119 850 1172 920 uti
1189 850 1260 922 fere

126 960 276 1044 licebit,
303 959 389 1030 alias
411 959 630 1043 contentius,
656 958 742 1030 alias
766 958 1008 1043 smnmissius3
1034 959 1201 1053 omnique
1224 960 1260 1030 in

126 1094 166 1140 re
206 1093 332 1164 posse,
371 1068 466 1164 quod
502 1067 640 1153 deceat,
678 1070 790 1140 facere
828 1067 910 1138 artis
945 1076 978 1138 et
1011 1077 1156 1141 naturae
1189 1079 1259 1154 est,

127 1179 222 1251 scire
249 1177 337 1273 quid
360 1177 572 1273 quandoque
597 1178 735 1263 deceat,
761 1176 978 1272 prudentiae.

182 1287 258 1358 Sed
291 1287 377 1358 haec
409 1287 527 1357 omnia
559 1286 704 1381 perinde
730 1294 835 1371 sunt,
858 1295 898 1357 ut
919 1294 1084 1380 aguntur.
1136 1285 1259 1374 Actio,
1288 1287 1333 1354 56

127 1400 306 1493 inquam,
330 1396 366 1467 in
390 1395 539 1468 dicendo
565 1419 635 1466 una
659 1396 870 1466 dominatur.
911 1395 994 1467 Sine
1016 1395 1080 1467 hac
1103 1421 1262 1468 summus
1287 1423 1335 1468 ara

127 1516 254 1578 orator
288 1530 363 1577 esse
394 1506 431 1577 in
456 1529 602 1576 numero
628 1505 725 1576 nullo
749 1512 887 1599 potest,
911 1504 1096 1576 mediocris
1121 1505 1185 1576 hac
1207 1507 1261 1576 in-

128 1625 293 1688 structus
316 1639 471 1686 summos
496 1638 599 1709 saepe
624 1638 797 1710 superare.
851 1613 947 1684 Huic
971 1615 1101 1710 primas
1124 1615 1262 1686 dedisse

129 1724 398 1796 Demosthenes
422 1723 551 1795 dicitur
577 1716 704 1818 [quum
722 1731 921 1818 rogaretur,
947 1722 1033 1816 quid
1052 1723 1089 1794 in
1115 1724 1262 1796 dicendo

131 1844 231 1906 esset
255 1828 442 1928 primuml,
468 1833 550 1903 huic
575 1832 765 1916 secundas,
789 1831 871 1903 huic
898 1833 1028 1904 tertias.
1072 1834 1153 1909 Quo
1175 1835 1263 1906 mihi

131 1944 268 2016 melius
301 1943 406 2014 etiam
440 1941 529 2013 illud
563 1942 608 2013 ab
642 1941 818 2012 Aeschine
852 1941 984 2012 dictum
1018 1942 1129 2014 videri
1154 1945 1262 2031 solet,

131 2055 221 2150 qui,
242 2078 354 2148 quum
373 2060 514 2147 propter
530 2051 762 2147 ignominiam
779 2050 901 2122 iudicii
918 2052 1078 2122 cessisset
1095 2053 1263 2140 Athenis,

132 2176 169 2236 et
206 2187 246 2235 se
280 2161 447 2233 Rhodum
478 2161 704 2246 contulisset,
738 2169 881 2253 rogatus
913 2184 933 2230 a
966 2159 1114 2232 Rhodiis
1137 2162 1264 2256 legisse

131 2275 251 2346 fertur
275 2271 466 2342 orationem
489 2270 586 2341 illam
609 2270 803 2365 egregiam,
828 2270 982 2364 quamin
997 2269 1263 2364 Ctesiphontem

131 2393 264 2457 contra
287 2380 563 2452 Demosthenem
587 2380 740 2451 dixerat:
766 2405 836 2474 qua
853 2379 1023 2474 perlecta,
1048 2380 1199 2476 petitum
1213 2390 1265 2453 est

133 2494 181 2566 ab
205 2518 250 2564 eo
272 2491 442 2586 postridie
464 2499 504 2561 ut
529 2490 661 2584 legeret
681 2489 777 2561 illam
804 2489 929 2574 etiam,
955 2514 1044 2584 quae
1058 2498 1131 2561 erat
1143 2501 1265 2563 contra

133 2629 155 2675 a
177 2599 424 2674 Demosthene
449 2624 512 2695 pro
536 2598 765 2694 Ctesiphonte
788 2598 900 2670 dicta:
925 2622 1030 2693 quam
1056 2624 1166 2694 quum
1185 2625 1262 2672 sua·

133 2712 285 2786 vissima
323 2718 356 2781 et
391 2709 543 2781 maxima
572 2733 654 2782 voce
685 2708 848 2805 legisset,
872 2707 1127 2781 admirantibus
1150 2711 1262 2783 omni·

133 2824 231 2907 huS,
257 2822 421 2905 Quanto,
444 2820 580 2915 inquit,
603 2819 716 2913 magis
737 2818 1014 2902 admiraremini,
1041 2819 1070 2890 si
1081 2819 1265 2893 audissetis
1349 2872 1352 2879 .

133 2933 290 3030 ipsum?
327 2925 414 3025 [Ex]
454 2954 524 3024 quo
547 2930 631 3001 satis
657 2928 867 3023 significavit
881 2962 895 3012 ,⁴
916 2937 1088 3022 quantum
1114 2939 1205 3001 esset
1227 2930 1263 3001 in

133 3043 300 3126 actione,
324 3041 386 3134 qui
410 3040 601 3111 orationem
627 3038 786 3110 eamdem
810 3037 915 3109 aliam
940 3037 1013 3108 fore
1039 3046 1179 3134 putaret
1207 3063 1262 3110 ac·

134 3164 216 3225 tore
243 3159 389 3221 mutato.
442 3148 540 3224 Quid
565 3149 632 3220 luit
653 3148 690 3218 in
715 3148 889 3231 Graccho,
916 3172 1022 3241 quem
1042 3156 1099 3233 tu,
1127 3147 1264 3236 Catule,
1291 3170 1339 3215 aia

135 3262 271 3334 melius
297 3258 507 3342 meministi,
531 3258 623 3353 quod
648 3282 704 3329 me
727 3281 836 3353 puero
859 3265 1042 3353 tantopere
1065 3258 1264 3346 efferretur,

135 3584 302 3641 corrruptum
310 3592 363 3626 6666
370 3590 400 3624 ex
406 3578 480 3637 iprae.
498 3577 586 3639 Supra,
601 3577 680 3634 5145,
730 3590 779 3624 non
794 3580 908 3623 accurate
920 3572 1047 3623 subiicitur
1056 3576 1265 3637 quaeeritdictas

136 3660 231 3708 eodem
247 3657 322 3705 modo
336 3656 439 3703 correxi.
730 3659 755 3702 et
768 3660 904 3716 praeterea,
918 3656 1005 3700 contra
1018 3653 1076 3700 satis
1089 3653 1175 3714 putide
1187 3653 1266 3702 inser·

176 3740 268 3799 [quum
285 3736 427 3795 reparetur,
441 3733 680 3794 -eacetprr'mum].
729 3737 782 3781 tum
800 3738 845 3780 est.
864 3730 996 3779 inutilibus
1009 3731 1118 3788 omissis,
1132 3730 1268 3779 vehemen-

137 3816 266 3865 Latinitus
279 3828 338 3861 sane
349 3811 505 3874 postulabat,
520 3827 593 3873 quum
608 3825 680 3871 quae·
729 3818 768 3861 ter
781 3811 893 3871 suspicor
906 3810 1039 3873 legendum
1055 3823 1121 3865 6666,
1136 3810 1166 3855 ut
1177 3811 1269 3872 leperet

137 3897 246 3943 rer-erar
267 3907 299 3941 ear
319 3906 346 3939 eo
365 3912 413 3937 -.·
429 3898 454 3938 et
467 3891 683 3953 conferendusest
730 3892 799 3938 illam
819 3891 849 3935 ab
869 3887 1031 3935 Demosthene
1046 3900 1095 3947 pro
1113 3886 1269 3947 ctesiphonte

137 3976 213 4021 locus
235 3971 257 4018 1.
281 3972 371 4028 5133.
405 3969 454 4017 Sed
467 3976 546 4017 totum
560 3969 608 4016 hoc
622 3982 681 4015 con·
730 3969 832 4015 dictam.
863 3966 1002 4015 Ellendtius
1017 3966 1093 4014 edidit
1106 3966 1185 4024 edita,
1202 3968 1264 4028 Kay-

138 4054 229 4099 lictum
252 4053 289 4096 est
309 4063 323 4095 e
345 4051 413 4100 Brut.
435 4054 448 4107 ξ
471 4049 531 4104 142,
553 4046 594 4094 ubi
614 4050 682 4094 recte
730 4061 799 4096 serus
820 4046 901 4103 dicta,
922 4043 1010 4106 quihus
1028 4043 1168 4093 auctoribus
1182 4052 1270 4094 neuter

138 4144 192 4177 non
207 4134 306 4175 tantum
315 4129 441 4186 primum,
455 4128 499 4175 sed
511 4124 644 4173 secundum
658 4130 683 4172 et
730 4125 885 4189 significavit.

139 4208 249 4254 tertium
269 4206 378 4265 ponitur.
413 4208 445 4254 H.
465 4206 482 4253 l.
496 4204 600 4265 simplici
614 4216 708 4283 com-i
767 4204 824 4265 [erc]
841 4219 887 4264 quo
900 4201 1130 4265 catiraiyaificarit.
1156 4193 1273 4251 Delenda'

139 4285 323 4334 memoratione
337 4284 490 4346 defungitur,
505 4284 608 4332 utOrat.
617 4287 628 4339 §
638 4283 681 4329 56:
705 4284 709 4381 Ι
731 4288 769 4331 est
782 4281 943 4341 Praepositio.

138 4366 240 4424 istaque
254 4364 390 4411 omittenda
401 4376 499 4411 censeo.
706 4385 709 4433 p
766 4362 824 4408 214.
843 4361 903 4421 quid
910 4358 969 4418 fuit
983 4360 1009 4405 ia
1026 4358 1182 4407 Graccho-
1195 4360 1271 4419 effer-

174 4443 207 4489 at
219 4443 313 4505 teperet
323 4443 483 4497 momeliam,
498 4454 588 4501 qaae—
605 4440 683 4486 dicta.
705 4440 709 4490 l
731 4442 806 4486 retur
818 4466 860 4483 -.
875 4439 962 4485 Laudo
976 4438 1125 4497 Kayserum,
1138 4436 1179 4497 qui
1190 4438 1270 4485 tiden-

139 4522 272 4576 Primum,
297 4520 378 4567 minus
397 4527 464 4567 recte
485 4519 510 4566 h.
532 4520 549 4565 l.
571 4524 684 4578 suscepta
706 4493 709 4548 l
732 4525 770 4566 ter
796 4516 910 4565 Lambini
935 4516 1112 4564 correctionem
1133 4515 1270 4577 receperit,

139 4600 420 4647 videtur00ui.eliaru:
436 4596 683 4658 tum,postdiaerat,
705 4551 709 4639 l
733 4612 809 4659 quum
820 4595 1157 4659 vulgolegcreturferrctur.
1175 4597 1270 4656 Nempe
