3242 5500
455 553 587 626 11111
615 552 764 602 ramus.
794 535 812 614 §
839 533 896 604 17.
1224 535 1247 600 9

125 723 289 798 sedandis
319 731 378 796 aut
407 724 598 796 excitandis
628 723 864 821 expromenda
895 731 959 796 est.
1010 723 1162 796 Accedat
1191 748 1248 795 eo·

125 836 207 907 dem
237 841 371 930 oportet
400 834 496 930 lepos
527 834 671 930 quidam
700 835 932 930 facetiaeque,
964 842 999 906 et
1029 834 1178 907 eruditio
1206 834 1248 907 li-

125 945 210 1017 bero
235 942 365 1038 digna,
391 943 618 1039 celeritasque
642 951 677 1015 et
700 943 850 1016 brevitas
875 952 909 1016 et
943 943 1180 1040 respondendi
1219 951 1252 1015 et

125 1053 340 1140 lacessendi,
368 1053 489 1127 subtili
512 1045 695 1126 venustate
716 1061 822 1149 atque
839 1053 1037 1126 urbanitate
1054 1053 1249 1126 coniuncta.

127 1163 296 1236 Tenenda
319 1172 495 1260 praeterea
520 1171 572 1236 est
596 1163 710 1236 omnis
733 1163 926 1259 antiquitas
944 1164 1253 1260 exemplorumque
1280 1187 1309 1232 11

127 1277 198 1347 vis:
232 1299 347 1369 neque
375 1275 495 1370 legum
524 1282 584 1346 aut
618 1273 705 1345 iuris
737 1273 849 1346 civilis
874 1273 1018 1345 scientia
1041 1273 1137 1368 negli
1163 1272 1253 1344 enda

128 1388 193 1456 est.
265 1384 358 1456 Nam
395 1383 482 1480 quid
517 1408 582 1479 ego
619 1383 662 1454 de
679 1373 682 1378 ⁵
698 1383 832 1455 actione
867 1385 944 1480 ipsa
980 1382 1094 1456 dicam
1108 1297 1254 1477 1511111

128 1502 230 1566 motu
265 1494 442 1588 emperie,
481 1518 570 1589 quae
599 1499 726 1588 gestu,
765 1517 855 1588 quae
885 1493 1010 1579 vultu,
1049 1515 1138 1587 quae
1161 1493 1254 1564 vocis

129 1603 406 1676 conformatione
438 1627 477 1675 ac
507 1603 673 1674 varietate
706 1602 917 1674 moderanda
949 1610 1022 1687 est,
1061 1626 1151 1697 quae
1183 1603 1256 1674 sola

129 1739 192 1810 per
230 1736 267 1784 se
303 1713 380 1809 ipsa
415 1720 545 1808 quanta
577 1713 645 1798 sit,
672 1711 882 1784 histrionum
906 1713 993 1784 levis
1016 1736 1071 1784 ars
1096 1720 1130 1784 et
1154 1736 1256 1784 scena

131 1823 306 1909 declarat,
337 1823 374 1894 in
408 1847 477 1918 qua
506 1847 616 1919 quum
646 1846 766 1894 omnes
796 1823 833 1894 in
858 1823 928 1895 oris
953 1833 986 1895 et
1009 1823 1103 1895 vocis
1128 1830 1161 1894 et
1181 1847 1254 1895 mo·

130 1942 188 2004 tus
224 1931 461 2004 moderatione
497 1931 693 2019 elaborent,
727 1932 806 2027 quis
839 1932 993 2028 ignorat,
1031 1957 1137 2028 quam
1169 1957 1255 2029 pau-

131 2043 163 2114 ci
185 2042 256 2117 sint
276 2042 492 2137 fuerintque,
514 2067 602 2138 quos
624 2042 741 2114 animo
758 2067 869 2138 aequo
887 2051 1042 2138 spectare
1058 2044 1257 2140 possimus?

133 2151 234 2230 Quid
275 2151 388 2223 dicam
430 2152 472 2224 de
510 2152 672 2225 thesauro
713 2177 830 2224 rerum
866 2153 1025 2225 omnium
1060 2153 1303 2225 memoria?

133 2287 224 2358 quae
253 2261 323 2334 nisi
356 2269 471 2334 custos
500 2263 651 2335 inventis
684 2263 916 2358 cogitatisque
944 2262 1049 2338 rebus
1079 2270 1114 2334 et
1142 2262 1257 2335 verbis

132 2372 365 2458 adhibeatur,
396 2371 629 2468 intelligimus
658 2373 798 2457 omnia,
831 2372 937 2444 etiam
967 2373 996 2445 si
1024 2373 1255 2468 praeclarissi-

133 2507 192 2554 ma
220 2482 375 2569 fuerint,
414 2482 450 2554 in
481 2489 615 2554 oratore
643 2482 809 2577 peritura.
872 2482 1111 2558 Quamobrem
1139 2483 1258 2555 mirari
1286 2511 1313 2555 11

134 2591 338 2666 (1111111111
367 2615 456 2688 quae
479 2616 582 2664 causa
600 2591 646 2662 sit
663 2591 905 2686 eloquentium
918 2593 1124 2688 paucitatis,
1147 2617 1258 2688 quum

135 2725 180 2772 ex
209 2702 280 2775 illis
309 2701 414 2775 rebus
445 2702 616 2775 universis
646 2700 847 2798 eloquentia
875 2711 1030 2790 constet,
1062 2702 1192 2799 quibus
1219 2703 1256 2775 in

135 2812 289 2907 singulis
313 2811 488 2885 elaborare
512 2836 744 2909 permagnum
769 2820 842 2898 est,
872 2812 1122 2910 hortemurque
1141 2814 1259 2910 potius

133 2921 265 2993 liberos
306 2930 442 2995 nostros
483 2931 705 3018 ceterosque,
749 2946 900 3017 quorum
936 2924 1047 3017 gloria
1082 2922 1184 2995 nobis
1224 2929 1259 2994 et

134 3032 293 3127 dignitas
322 3055 424 3105 curae
440 3041 529 3119 est,
560 3040 601 3104 ut
629 3032 747 3104 animo
775 3031 826 3103 rei
854 3033 1137 3128 magnitudinem
1165 3056 1258 3105 com·

133 3142 361 3247 plectantur,
399 3166 514 3238 neque
543 3142 587 3214 iis
616 3149 677 3214 aut
705 3142 925 3238 praeceptis,
967 3150 1029 3214 aut
1057 3142 1258 3238 magistris,

91 3297 105 3318 a
134 3259 199 3323 aut
229 3251 557 3339 exercitationibuS,
589 3250 719 3348 quibus
743 3258 896 3324 utuntur
919 3277 1060 3339 omnes,
1092 3252 1154 3325 sed
1182 3252 1259 3324 aliis

135 3542 234 3591 homini
253 3541 339 3590 tribuit
360 3542 478 3605 cuiusque
498 3545 600 3601 natans,
626 3556 676 3590 nou
725 3537 885 3588 1111111111.
921 3540 1025 3590 Accedit
1037 3541 1105 3602 quod
1116 3541 1197 3603 ipsum
1211 3546 1260 3590 col-

136 3636 225 3669 rerum
238 3621 345 3678 natura,
364 3635 427 3682 quae
441 3621 549 3670 universi
557 3620 622 3669 orbis
630 3626 675 3670 est.
726 3622 821 3676 locare,
844 3620 908 3667 sicut
928 3619 1070 3679 dimanare,
1085 3620 1118 3667 ad
1136 3636 1176 3669 res
1196 3621 1261 3683 ipsas

140 3704 229 3764 Itaque
242 3700 381 3749 recteCod.
395 3699 675 3749 Vindobrerumomit·
725 3697 848 3759 pertinere
878 3702 981 3759 apparet
1008 3698 1034 3746 in
1055 3700 1091 3747 II.
1113 3703 1126 3757 ξ
1147 3700 1212 3758 350,
1237 3705 1262 3749 et

137 3781 176 3830 tit.
204 3779 318 3829 Eandem
337 3779 553 3841 interpolationem
569 3777 678 3826 indicavi
726 3778 795 3825 Orat.
810 3781 822 3835 ξ
839 3778 884 3835 50,
898 3781 927 3825 ut
939 3776 982 3825 vix
996 3776 1021 3826 h.
1036 3779 1054 3825 l.
1069 3778 1101 3825 ad
1114 3778 1260 3828 111111111-

137 3858 204 3908 inira
225 3859 252 3906 in
267 3862 279 3917 §
295 3859 353 3907 219.
385 3858 457 3907 Conf.
473 3872 535 3921 quae
549 3858 633 3905 notavi
647 3857 679 3905 ad
725 3859 802 3903 ratur.

139 3944 222 4004 Leges
236 3955 262 4001 p.
277 3940 336 3989 478.
763 3932 806 3998 19)
823 3946 926 3997 quorum
952 3937 1032 3999 pluria
1055 3935 1123 3983 nobie
1141 3951 1263 3985 -curae

176 4018 221 4082 18)
239 4017 301 4081 quid
325 4031 367 4081 epo
398 4016 427 4064 de
457 4017 552 4083 actione
579 4014 678 4061 dicam?
727 4013 774 4060 est.
816 4013 926 4066 Praetuli
945 4013 994 4061 hoe
1013 4028 1072 4076 prae
1094 4016 1188 4073 altero,
1204 4030 1263 4063 cara

140 4100 218 4162 Vulg.
235 4098 313 4158 plura
333 4096 421 4143 dicam.
439 4095 552 4156 Ineptam
569 4094 678 4155 interpo-
727 4093 780 4149 est,
804 4091 925 4153 siquidem
945 4092 993 4140 hoc
1005 4093 1140 4156 signifieat,
1162 4110 1262 4157 operam

140 4177 261 4227 lationem
287 4175 392 4225 aliorum
419 4174 532 4235 exemplo
559 4170 680 4220 librorum
728 4171 801 4228 dare,
820 4176 848 4219 ut
861 4170 898 4217 illi
911 4171 1015 4233 gloriam
1029 4171 1161 4234 aliquando
1176 4187 1262 4222 conse-

141 4254 231 4304 abieci.
729 4254 844 4311 quantur.

176 4334 226 4382 nisi
246 4335 328 4381 castos
348 4332 453 4379 invectis
466 4330 626 4394 capitulisque
640 4343 679 4375 re·
762 4326 807 4373 aad
832 4327 889 4373 aliia
909 4327 1061 4389 quibusdam.
1116 4331 1172 4378 Non
1191 4330 1264 4379 facile

143 4415 188 4462 bus
201 4413 227 4460 et
240 4416 319 4460 verbm
330 4410 484 4458 adhibeatur.
519 4411 575 4457 Nou
587 4408 681 4469 accipio
704 4442 706 4457 .
730 4406 784 4467 quis
805 4404 926 4455 obtinebit
938 4406 1128 4470 intelligendum
1143 4424 1195 4457 1111
1209 4412 1266 4459 aliis

143 4492 339 4548 correctionem,
357 4494 385 4537 ut
404 4504 450 4551 pro
469 4488 630 4552 copitatisque
644 4489 679 4535 le·
725 4487 869 4547 praeceptis
881 4487 926 4533 aut
938 4500 1001 4549 may.
1016 4486 1061 4533 aut
1074 4489 1178 4536 exercit.
1202 4490 1265 4539 Fieri

144 4577 217 4636 gatur
242 4570 423 4632 collocatisque.
461 4567 623 4629 Perspicuum
645 4570 682 4615 est
730 4568 812 4627 potest
830 4569 857 4611 ut
870 4564 988 4613 exciderit
1000 4564 1098 4613 studiis.

751 4842 758 4869 i
