3242 5500
391 519 437 588 14
737 537 850 588 urana
876 539 1027 589 ramus,
1055 522 1072 602 S
1098 521 1156 590 31.

390 709 514 807 populi
537 717 674 796 motus,
699 710 858 784 iudicum
885 712 1093 808 religionen,
1127 719 1269 784 senatus
1302 711 1505 807 gravitatem

332 838 363 884 32
389 821 495 892 unius
512 821 667 894 oratione
683 845 808 894 conver
825 821 864 895 i?
914 823 1013 898 Quid
1029 847 1131 920 porro
1155 830 1228 895 tam
1251 822 1410 918 regium,
1435 829 1506 894 tam

389 930 551 1018 liberale,
569 939 641 1004 tarn
659 932 890 1019 munificum,
917 957 1023 1028 quam
1038 957 1141 1030 opem
1158 933 1247 1004 ferre
1267 931 1505 1029 supplicibus,

390 1041 539 1114 excitare
555 1041 721 1128 afflictos,
748 1041 831 1114 dare
847 1043 1016 1129 salutem,
1038 1038 1201 1139 [liberare
1222 1043 1407 1140 periculis,
1424 1043 1505 1114 reti·

388 1176 471 1223 nere
488 1151 647 1225 homines
664 1152 701 1223 in
719 1147 898 1248 civitate]?
925 1152 1023 1230 Quid
1039 1160 1157 1226 autem
1169 1161 1242 1225 tam
1255 1152 1506 1239 necessarium,

389 1285 495 1357 quam
520 1269 639 1334 tenere
664 1286 801 1359 semper
821 1287 935 1348 mma,
961 1262 1092 1359 quibus
1111 1264 1167 1335 vel
1189 1270 1303 1335 tectus
1333 1264 1409 1359 ipse
1434 1287 1508 1334 esse

389 1371 521 1467 poesia,
544 1372 598 1444 vel
614 1396 799 1469 provocare
818 1367 1023 1468 [integros],
1040 1372 1095 1444 vel
1111 1381 1147 1446 te
1164 1373 1284 1445 ulcisci
1301 1372 1509 1445 lacessitus?

389 1481 468 1576 Age
485 1505 586 1568 vern,
604 1506 794 1580 nesemper
806 1477 954 1578 [forum]
975 1482 1152 1569 subsellia,
1169 1490 1292 1569 rostra,
1305 1483 1510 1578 curiamque

389 1590 575 1677 meditere,
610 1592 697 1687 quid
722 1617 797 1665 esse
821 1600 934 1688 potest
958 1594 995 1665 in
1021 1593 1093 1666 otio
1117 1600 1179 1666 aut
1207 1592 1416 1678 iucundiua,
1450 1600 1510 1664 aut

388 1701 501 1796 magis
535 1703 716 1799 proprium
750 1702 1001 1790 humanitatis,
1035 1727 1142 1799 quam
1167 1726 1280 1775 sermo
1313 1702 1445 1774 facetus
1470 1727 1510 1773 ac

389 1811 487 1884 nulla
503 1812 540 1884 iu
556 1836 594 1884 re
610 1812 731 1886 rudis?
752 1809 848 1909 [Hoc
865 1814 959 1887 euim
976 1839 1048 1885 uno
1063 1822 1280 1911 praestamus
1293 1813 1347 1884 vel
1358 1812 1511 1884 maxime

389 1921 492 2008 feris,
519 1923 614 2018 quod
639 1923 873 2019 colloquimur
896 1924 990 1995 inter
1014 1948 1099 2010 nos,
1133 1931 1168 1996 et
1193 1923 1289 2020 quod
1317 1923 1512 2020 exprimere

333 2055 363 2100 aa
390 2030 537 2106 dicendo
555 2056 656 2106 aenae
671 2057 870 2130 possumus.
908 2033 1147 2110 Quamobrem
1165 2033 1326 2130 quiahoc
1347 2033 1513 2104 nonime

389 2141 555 2228 miretur,
583 2168 788 2238 summeque
809 2144 847 2215 in
873 2169 913 2216 eo
939 2143 1189 2216 elaborandum
1207 2168 1282 2215 esse
1298 2142 1510 2228 arbitretur,

389 2260 450 2338 ut,
481 2277 551 2348 quo
579 2278 651 2324 uno
676 2253 836 2326 homines
862 2254 1014 2326 maxime
1030 2252 1152 2326 bestiis
1173 2262 1368 2351 praestent,
1391 2253 1430 2324 in
1447 2252 1513 2324 hoc

424 2618 468 2683 32)
489 2619 607 2680 [liberare
615 2617 745 2676 perimatis,
760 2617 870 2664 retinere
883 2616 924 2663 to·
1010 2613 1238 2679 [forampateetlia
1256 2613 1342 2661 rostra
1361 2615 1512 2676 curiamque.

389 2700 467 2746 micea
493 2700 519 2746 in
544 2696 665 2761 unitate]
703 2698 843 2759 Utrumque
863 2695 926 2744 nihil
975 2695 1099 2757 Perpetuo
1113 2691 1266 2742 solettribua
1280 2691 1408 2740 vocabulis
1425 2693 1511 2742 distin·
1601 2724 1602 2737 i

390 2784 427 2827 est
454 2778 499 2826 nisi
544 2777 713 2839 interpretatio
757 2776 926 2824 antecedentis
975 2788 1051 2838 gnere
1065 2776 1136 2832 loca,
1154 2773 1179 2821 in
1194 2771 1282 2835 quibua
1296 2777 1437 2821 versaretur
1455 2787 1511 2820 ora-

390 2857 450 2904 dare
469 2856 589 2915 satutem,
614 2855 681 2917 qnod
695 2854 747 2903 aliis
760 2855 822 2903 locis
835 2856 876 2919 (nt
889 2855 925 2901 II.

391 2942 403 2995 ξ
426 2935 487 2999 200)
507 2936 595 2983 dicitur
614 2936 692 2984 aelati
712 2948 775 2981 ecre:
793 2948 841 2982 nec
854 2933 926 2994 quid·

390 3030 464 3077 quam
484 3014 596 3061 adiicitur
619 3014 692 3061 simili
712 3014 767 3061 loco
788 3014 824 3061 ΙΙ.
846 3017 858 3071 ξ
877 3014 925 3070 35,

391 3092 432 3142 ubi
447 3094 536 3142 dicitur
550 3092 652 3140 oratoris
665 3090 783 3140 facultate
794 3092 926 3155 integrita-

392 3175 440 3220 tem
452 3172 594 3220 adsalutem
605 3172 694 3219 cocart.
729 3171 815 3232 Ipsum
823 3171 928 3217 liberare

386 3253 499 3313 periculo
518 3256 585 3299 recte
599 3250 703 3307 dicitur,
720 3264 771 3297 non
787 3248 847 3297 item
856 3249 926 3309 peri·

392 3334 468 3389 culis,
494 3332 556 3379 sicut
576 3343 656 3390 neque
676 3329 769 3376 salutes
782 3327 856 3374 dare:
874 3332 927 3375 tum

392 3412 546 3458 retinerem
567 3408 666 3455 deitate
685 3408 773 3455 melius
793 3406 882 3455 dicitur
902 3406 928 3454 in

393 3490 481 3539 Milon.
497 3492 509 3547 ξ
527 3489 574 3536 102
588 3488 615 3533 in
623 3487 712 3547 patria
722 3485 840 3532 retinere,
865 3485 927 3544 Sed,

392 3574 489 3631 praeter
506 3567 569 3615 haec
582 3566 607 3613 in
621 3564 724 3628 singulis
738 3563 863 3621 notanda,
878 3577 928 3610 non

392 3646 544 3710 negligenda
565 3648 602 3693 eat
622 3658 651 3693 ea
674 3642 799 3691 Ciceronis
823 3656 927 3690 consue·

392 3727 469 3783 tudo,
494 3728 522 3772 ut
541 3723 566 3771 in
588 3722 707 3772 eiusmodi
723 3721 890 3769 cumulatione
905 3724 930 3767 et

393 3804 520 3866 anaphora
533 3800 730 3864 aequabilitatem
738 3805 763 3848 et
776 3798 928 3847 concinnita-

393 3890 444 3932 tem
458 3887 587 3944 aequatur:
602 3882 700 3942 itaque,
715 3880 778 3928 sicut
784 3878 810 3926 in
818 3877 929 3940 proxime

394 3960 560 4024 superioribus
574 3974 672 4021 quoque
685 3960 835 4008 tristantum
841 3971 928 4004 eumu-

394 4043 469 4100 lavit‚
493 4041 528 4089 sic
548 4040 574 4088 h.
595 4041 614 4087 l.
635 4054 686 4087 non
705 4038 804 4086 videtur
821 4035 929 4098 quinque

395 4133 538 4169 enumerare
550 4118 666 4167 voluisse.

428 4202 466 4247 cet
473 4208 608 4261 prouocare
617 4195 760 4258 [rutenos]
775 4195 929 4243 Postremum

394 4277 545 4335 vocabulum
566 4276 607 4325 aiii
627 4276 713 4333 aliter,
731 4274 757 4320 in
772 4272 853 4321 Codd.
868 4284 929 4332 quo·

395 4372 458 4420 que,
483 4356 606 4419 corrigere
627 4354 787 4402 studuerunt:
813 4349 874 4397 milri
890 4348 929 4398 iu·

394 4438 544 4499 terpolatum
558 4434 656 4483 videtur
670 4430 701 4479 ab
715 4445 760 4488 eo,
778 4429 822 4491 qui
834 4433 929 4477 nonte-

347 4532 350 4543 ·
395 4520 646 4577 neretetprcvocare‚
660 4506 930 4561 etlaceaeereabsoiute

328 4656 332 4665 ι
396 4595 443 4643 dici
457 4608 545 4656 posse,
563 4594 625 4641 sieut
639 4591 671 4639 ad
685 4590 743 4640 Div.
758 4588 819 4637 XII.
834 4588 876 4635 20.

973 2858 1027 2901 tor:
1045 2857 1074 2902 ut
1086 2866 1145 2901 mox
1153 2856 1165 2910 ξ
1174 2853 1218 2900 35:
1226 2850 1308 2912 itaque
1314 2851 1430 2897 eataellta
1436 2865 1513 2912 quum

974 2932 1084 2981 indicare
1105 2933 1201 2979 soleant
1220 2944 1306 2978 causas
1322 2930 1348 2979 in
1362 2930 1415 2979 iure
1429 2936 1513 2987 actas,

975 3013 1032 3071 apte
1046 3008 1183 3057 carebimus
1191 3008 1250 3069 sori
1263 3008 1397 3055 mentione.

1009 3086 1135 3135 meditere.
1169 3086 1291 3145 Quoniam
1310 3088 1393 3147 plures
1407 3085 1513 3147 alloqui-

975 3172 1016 3216 tur
1037 3167 1153 3224 Crassua,
1177 3163 1220 3213 vix
1238 3164 1272 3212 ita
1284 3166 1383 3211 locutus
1396 3168 1448 3221 est,
1467 3179 1513 3226 ap-

976 3246 1073 3306 tiusque
1090 3244 1225 3292 iudicarem
1239 3243 1395 3291 meditemur.
1600 3241 1601 3256 ³

1014 3324 1070 3386 [tec
1083 3324 1147 3369 enim
1161 3337 1209 3370 nno
1218 3322 1378 3383 praestamus
1390 3348 1425 3355 —
1438 3321 1514 3368 tomi-

978 3403 1049 3450 m'bua
1068 3402 1129 3461 ipris
1141 3401 1296 3462 antecellat]
1332 3401 1515 3461 Explicandum

979 3485 1015 3529 est
1036 3495 1084 3542 qua
1097 3484 1204 3529 retatus
1218 3479 1259 3527 hic
1272 3480 1341 3527 iocur
1360 3479 1421 3526 mihi
1435 3478 1513 3527 inaer-

977 3564 1017 3607 tua
1030 3573 1083 3607 esse
1096 3558 1219 3607 videatur.
1244 3558 1433 3620 Argumentatio
1453 3558 1515 3606 haec

978 3642 1028 3687 est:
1043 3651 1119 3698 quum
1133 3640 1244 3686 ornasset
1260 3650 1314 3684 eam
1332 3637 1515 3697 eloquentiam,

979 3732 1042 3779 quae
1061 3718 1087 3764 in
1100 3716 1196 3765 iudiciis
1210 3721 1235 3764 et
1246 3714 1321 3764 rebus
1336 3713 1444 3777 publicis
1457 3731 1514 3764 ver·

978 3801 1089 3855 saretru,
1115 3795 1198 3852 addit,
1223 3795 1250 3841 ia
1270 3794 1357 3842 otini.
1379 3809 1402 3843 e.
1423 3794 1450 3843 in
1463 3796 1516 3843 rita

977 3875 1082 3936 privata,
1096 3874 1368 3931 arnsteinensem,
1382 3887 1515 3935 quanm.
1599 3897 1600 3944 ἦ

978 3968 1071 4001 monem
1085 3953 1202 4014 facetam
1214 3966 1244 3999 ae
1256 3953 1325 3999 antia
1337 3953 1365 3999 tn
1377 3964 1406 3997 re
1419 3950 1516 3999 rudera.

979 4032 1029 4081 Sed
1055 4032 1122 4093 quod
1148 4029 1290 4089 subiicitur,
1320 4031 1364 4079 hcc
1383 4031 1449 4079 enim
1468 4044 1517 4079 ano

975 4112 1134 4172 praestamus
1146 4136 1192 4167 —-,
1207 4109 1308 4157 minime
1322 4108 1431 4170 explicat
1442 4108 1516 4167 iilud,

979 4204 1055 4252 quare
1076 4188 1139 4237 nihil
1158 4188 1288 4236 iucundius
1305 4187 1337 4237 sit
1349 4201 1464 4236 sermone
1478 4186 1515 4235 fa·

980 4265 1516 4331 ceto.Quaesequuntur,(quamcbrem—)

979 4347 1014 4396 sic
1028 4347 1151 4409 explicare
1165 4344 1303 4407 oportebit,
1315 4350 1343 4393 ut
1356 4345 1454 4393 dicamr
1463 4345 1517 4393 ideo
1598 4379 1599 4404 ;

979 4440 1081 4488 operam
1094 4424 1202 4475 dandam
1215 4438 1268 4473 ease
1281 4424 1456 4484 eloquentiae,
1475 4425 1517 4473 rel

980 4506 1047 4566 quod
1058 4504 1120 4554 nihil
1128 4502 1259 4552 iucundius
1266 4503 1298 4551 sit
1304 4516 1418 4551 sermone
1424 4502 1516 4559 faceto,

980 4585 1021 4633 vel
1035 4584 1102 4645 quod
1116 4582 1225 4643 colloqui
1232 4582 1344 4629 homines
1350 4582 1516 4644 intersepos·
