<?xml version="1.0" encoding="UTF-8"?>
<!DOCTYPE html PUBLIC "-//W3C//DTD XHTML 1.0 Transitional//EN"
    "http://www.w3.org/TR/xhtml1/DTD/xhtml1-transitional.dtd">
<html xmlns="http://www.w3.org/1999/xhtml" xml:lang="en" lang="en">
 <head>
  <title>
</title>
<meta http-equiv="Content-Type" content="text/html;charset=utf-8" />
  <meta name='ocr-system' content='tesseract 3.04.00' />
  <meta name='ocr-capabilities' content='ocr_page ocr_carea ocr_par ocr_line ocrx_word'/>
</head>
<body>
  <div class='ocr_page' id='page_1' title='image "./mtulliiciceroni01bakegoog_0020.png"; bbox 0 0 3242 5500; ppageno 0'>
   <div class='ocr_carea' id='block_1_1' title="bbox 370 535 957 578">
    <p class='ocr_par' dir='ltr' id='par_1_1' title="bbox 370 535 957 578">
     <span class='ocr_line' id='line_1_1' title="bbox 370 535 957 578; baseline -0.005 0"><span class='ocrx_word' id='word_1_1' title='bbox 370 535 426 578; x_wconf 82' lang='lat' dir='ltr'>XVI</span> <span class='ocrx_word' id='word_1_2' title='bbox 916 556 957 567; x_wconf 89' lang='lat'><em>-</em></span> 
     </span>
    </p>
   </div>
   <div class='ocr_carea' id='block_1_2' title="bbox 365 695 1573 2023">
    <p class='ocr_par' dir='ltr' id='par_1_2' title="bbox 365 695 1573 2023">
     <span class='ocr_line' id='line_1_2' title="bbox 368 695 1493 774; baseline 0.005 -20"><span class='ocrx_word' id='word_1_3' title='bbox 368 695 500 773; x_wconf 89' lang='lat' dir='ltr'>interiit,</span> <span class='ocrx_word' id='word_1_4' title='bbox 529 715 591 756; x_wconf 91' lang='lat' dir='ltr'>non</span> <span class='ocrx_word' id='word_1_5' title='bbox 616 696 713 774; x_wconf 79' lang='lat' dir='ltr'>magis</span> <span class='ocrx_word' id='word_1_6' title='bbox 735 696 774 756; x_wconf 86' lang='lat' dir='ltr'>ad</span> <span class='ocrx_word' id='word_1_7' title='bbox 800 703 939 758; x_wconf 88' lang='lat' dir='ltr'>veterum</span> <span class='ocrx_word' id='word_1_8' title='bbox 958 698 1078 758; x_wconf 86' lang='lat' dir='ltr'>illorum</span> <span class='ocrx_word' id='word_1_9' title='bbox 1095 704 1362 759; x_wconf 82' lang='lat' dir='ltr'>monumentorum</span> <span class='ocrx_word' id='word_1_10' title='bbox 1380 701 1493 761; x_wconf 88' lang='lat' dir='ltr'>iustam</span> 
     </span>
     <span class='ocr_line' id='line_1_3' title="bbox 368 799 1493 880; baseline 0.004 -20"><span class='ocrx_word' id='word_1_11' title='bbox 368 799 624 862; x_wconf 79' lang='lat' dir='ltr'>existimationem</span> <span class='ocrx_word' id='word_1_12' title='bbox 649 799 802 879; x_wconf 82' lang='lat' dir='ltr'>pertinere</span> <span class='ocrx_word' id='word_1_13' title='bbox 825 801 901 862; x_wconf 89' lang='lat' dir='ltr'>mibi</span> <span class='ocrx_word' id='word_1_14' title='bbox 926 801 1053 878; x_wconf 82' lang='lat' dir='ltr'>ridetur,</span> <span class='ocrx_word' id='word_1_15' title='bbox 1075 821 1166 880; x_wconf 87' lang='lat' dir='ltr'>quam</span> <span class='ocrx_word' id='word_1_16' title='bbox 1188 803 1227 862; x_wconf 88' lang='lat' dir='ltr'>ad</span> <span class='ocrx_word' id='word_1_17' title='bbox 1243 803 1378 864; x_wconf 87' lang='lat' dir='ltr'>eiusdem</span> <span class='ocrx_word' id='word_1_18' title='bbox 1394 805 1493 865; x_wconf 84' lang='lat' dir='ltr'>laudis</span> 
     </span>
     <span class='ocr_line' id='line_1_4' title="bbox 368 905 1495 986; baseline 0.004 -22"><span class='ocrx_word' id='word_1_19' title='bbox 368 923 490 965; x_wconf 90' lang='lat' dir='ltr'>sensum</span> <span class='ocrx_word' id='word_1_20' title='bbox 509 905 650 965; x_wconf 88' lang='lat' dir='ltr'>alendum</span> <span class='ocrx_word' id='word_1_21' title='bbox 669 910 700 964; x_wconf 88' lang='lat' dir='ltr'>et</span> <span class='ocrx_word' id='word_1_22' title='bbox 716 905 940 965; x_wconf 87' lang='lat' dir='ltr'>emendandum</span> <span class='ocrx_word' id='word_1_23' title='bbox 956 906 988 965; x_wconf 91' lang='lat' dir='ltr'>in</span> <span class='ocrx_word' id='word_1_24' title='bbox 1003 906 1053 981; x_wconf 90' lang='lat' dir='ltr'>iis,</span> <span class='ocrx_word' id='word_1_25' title='bbox 1073 907 1125 985; x_wconf 91' lang='lat' dir='ltr'>qui</span> <span class='ocrx_word' id='word_1_26' title='bbox 1135 906 1225 966; x_wconf 91' lang='lat' dir='ltr'>hodie</span> <span class='ocrx_word' id='word_1_27' title='bbox 1235 906 1282 966; x_wconf 90' lang='lat' dir='ltr'>sui</span> <span class='ocrx_word' id='word_1_28' title='bbox 1293 907 1495 986; x_wconf 85' lang='lat' dir='ltr'>quisqueser-</span> 
     </span>
     <span class='ocr_line' id='line_1_5' title="bbox 367 1009 1494 1088; baseline 0.005 -22"><span class='ocrx_word' id='word_1_29' title='bbox 367 1009 466 1068; x_wconf 91' lang='lat' dir='ltr'>monis</span> <span class='ocrx_word' id='word_1_30' title='bbox 490 1009 664 1070; x_wconf 82' lang='lat' dir='ltr'>facultatem</span> <span class='ocrx_word' id='word_1_31' title='bbox 688 1027 830 1069; x_wconf 90' lang='lat' dir='ltr'>exercere</span> <span class='ocrx_word' id='word_1_32' title='bbox 845 1015 877 1069; x_wconf 88' lang='lat' dir='ltr'>et</span> <span class='ocrx_word' id='word_1_33' title='bbox 894 1011 1040 1088; x_wconf 86' lang='lat' dir='ltr'>perficere</span> <span class='ocrx_word' id='word_1_34' title='bbox 1059 1011 1190 1071; x_wconf 87' lang='lat' dir='ltr'>student.</span> <span class='ocrx_word' id='word_1_35' title='bbox 1231 1009 1263 1070; x_wconf 86' lang='lat' dir='ltr'>Si</span> <span class='ocrx_word' id='word_1_36' title='bbox 1282 1011 1364 1070; x_wconf 88' lang='lat' dir='ltr'>nulla</span> <span class='ocrx_word' id='word_1_37' title='bbox 1380 1011 1438 1071; x_wconf 87' lang='lat' dir='ltr'>alia</span> <span class='ocrx_word' id='word_1_38' title='bbox 1454 1013 1494 1072; x_wconf 92' lang='lat' dir='ltr'>de</span> 
     </span>
     <span class='ocr_line' id='line_1_6' title="bbox 368 1113 1495 1196; baseline 0.004 -24"><span class='ocrx_word' id='word_1_39' title='bbox 368 1129 466 1189; x_wconf 87' lang='lat' dir='ltr'>causa,</span> <span class='ocrx_word' id='word_1_40' title='bbox 483 1113 559 1173; x_wconf 83' lang='lat' dir='ltr'>haec</span> <span class='ocrx_word' id='word_1_41' title='bbox 576 1113 643 1172; x_wconf 88' lang='lat' dir='ltr'>idco</span> <span class='ocrx_word' id='word_1_42' title='bbox 659 1113 734 1172; x_wconf 92' lang='lat' dir='ltr'>mihi</span> <span class='ocrx_word' id='word_1_43' title='bbox 753 1132 992 1175; x_wconf 86' lang='lat' dir='ltr'>commemorare</span> <span class='ocrx_word' id='word_1_44' title='bbox 1006 1114 1152 1195; x_wconf 83' lang='lat' dir='ltr'>placebat,</span> <span class='ocrx_word' id='word_1_45' title='bbox 1169 1133 1229 1193; x_wconf 88' lang='lat' dir='ltr'>quo</span> <span class='ocrx_word' id='word_1_46' title='bbox 1238 1133 1413 1176; x_wconf 79' lang='lat' dir='ltr'>excusarem</span> <span class='ocrx_word' id='word_1_47' title='bbox 1421 1135 1495 1196; x_wconf 90' lang='lat' dir='ltr'>ope·</span> 
     </span>
     <span class='ocr_line' id='line_1_7' title="bbox 367 1216 1493 1297; baseline 0.005 -22"><span class='ocrx_word' id='word_1_48' title='bbox 367 1234 433 1276; x_wconf 88' lang='lat' dir='ltr'>ram</span> <span class='ocrx_word' id='word_1_49' title='bbox 460 1217 492 1275; x_wconf 91' lang='lat' dir='ltr'>in</span> <span class='ocrx_word' id='word_1_50' title='bbox 516 1217 563 1276; x_wconf 88' lang='lat' dir='ltr'>his</span> <span class='ocrx_word' id='word_1_51' title='bbox 592 1216 737 1277; x_wconf 86' lang='lat' dir='ltr'>Tullianis</span> <span class='ocrx_word' id='word_1_52' title='bbox 752 1217 838 1277; x_wconf 87' lang='lat' dir='ltr'>libris</span> <span class='ocrx_word' id='word_1_53' title='bbox 853 1218 899 1278; x_wconf 89' lang='lat' dir='ltr'>De</span> <span class='ocrx_word' id='word_1_54' title='bbox 919 1217 1047 1279; x_wconf 86' lang='lat' dir='ltr'>Oratore</span> <span class='ocrx_word' id='word_1_55' title='bbox 1065 1219 1263 1279; x_wconf 89' lang='lat' dir='ltr'>emendandis</span> <span class='ocrx_word' id='word_1_56' title='bbox 1280 1219 1425 1297; x_wconf 85' lang='lat' dir='ltr'>positam,</span> <span class='ocrx_word' id='word_1_57' title='bbox 1454 1239 1493 1281; x_wconf 88' lang='lat' dir='ltr'>ea</span> 
     </span>
     <span class='ocr_line' id='line_1_8' title="bbox 367 1322 1493 1402; baseline 0.004 -23"><span class='ocrx_word' id='word_1_58' title='bbox 367 1338 420 1399; x_wconf 89' lang='lat' dir='ltr'>spe</span> <span class='ocrx_word' id='word_1_59' title='bbox 438 1327 624 1400; x_wconf 86' lang='lat' dir='ltr'>susceptam,</span> <span class='ocrx_word' id='word_1_60' title='bbox 641 1327 675 1381; x_wconf 92' lang='lat' dir='ltr'>ut</span> <span class='ocrx_word' id='word_1_61' title='bbox 692 1322 801 1382; x_wconf 88' lang='lat' dir='ltr'>harum</span> <span class='ocrx_word' id='word_1_62' title='bbox 818 1322 974 1382; x_wconf 90' lang='lat' dir='ltr'>literarum</span> <span class='ocrx_word' id='word_1_63' title='bbox 991 1323 1133 1382; x_wconf 88' lang='lat' dir='ltr'>studiosis</span> <span class='ocrx_word' id='word_1_64' title='bbox 1156 1322 1377 1400; x_wconf 85' lang='lat' dir='ltr'>aliquantulum</span> <span class='ocrx_word' id='word_1_65' title='bbox 1401 1325 1493 1402; x_wconf 89' lang='lat' dir='ltr'>prod-</span> 
     </span>
     <span class='ocr_line' id='line_1_9' title="bbox 368 1425 1490 1505; baseline 0.004 -21"><span class='ocrx_word' id='word_1_66' title='bbox 368 1443 484 1500; x_wconf 87' lang='lat' dir='ltr'>essem,</span> <span class='ocrx_word' id='word_1_67' title='bbox 514 1431 580 1485; x_wconf 90' lang='lat' dir='ltr'>tum</span> <span class='ocrx_word' id='word_1_68' title='bbox 603 1431 637 1484; x_wconf 91' lang='lat' dir='ltr'>ut</span> <span class='ocrx_word' id='word_1_69' title='bbox 665 1425 822 1486; x_wconf 87' lang='lat' dir='ltr'>doctorum</span> <span class='ocrx_word' id='word_1_70' title='bbox 844 1426 997 1501; x_wconf 83' lang='lat' dir='ltr'>virorum,</span> <span class='ocrx_word' id='word_1_71' title='bbox 1028 1426 1053 1485; x_wconf 90' lang='lat' dir='ltr'>si</span> <span class='ocrx_word' id='word_1_72' title='bbox 1078 1426 1151 1505; x_wconf 88' lang='lat' dir='ltr'>quid</span> <span class='ocrx_word' id='word_1_73' title='bbox 1171 1445 1189 1487; x_wconf 88' lang='lat' dir='ltr'>a</span> <span class='ocrx_word' id='word_1_74' title='bbox 1208 1445 1259 1485; x_wconf 93' lang='lat' dir='ltr'>me</span> <span class='ocrx_word' id='word_1_75' title='bbox 1275 1426 1490 1505; x_wconf 87' lang='lat' dir='ltr'>dissentirent,</span> 
     </span>
     <span class='ocr_line' id='line_1_10' title="bbox 367 1528 1493 1608; baseline 0.005 -22"><span class='ocrx_word' id='word_1_76' title='bbox 367 1528 476 1589; x_wconf 87' lang='lat' dir='ltr'>iudicia</span> <span class='ocrx_word' id='word_1_77' title='bbox 492 1529 641 1589; x_wconf 83' lang='lat' dir='ltr'>elicerem.</span> <span class='ocrx_word' id='word_1_78' title='bbox 683 1529 840 1605; x_wconf 85' lang='lat' dir='ltr'>Ceterum,</span> <span class='ocrx_word' id='word_1_79' title='bbox 858 1530 884 1588; x_wconf 90' lang='lat' dir='ltr'>si</span> <span class='ocrx_word' id='word_1_80' title='bbox 901 1529 976 1589; x_wconf 86' lang='lat' dir='ltr'>mihi</span> <span class='ocrx_word' id='word_1_81' title='bbox 993 1535 1023 1589; x_wconf 90' lang='lat' dir='ltr'>et</span> <span class='ocrx_word' id='word_1_82' title='bbox 1042 1529 1163 1589; x_wconf 84' lang='lat' dir='ltr'>animus</span> <span class='ocrx_word' id='word_1_83' title='bbox 1183 1530 1404 1608; x_wconf 85' lang='lat' dir='ltr'>suppeditabit,</span> <span class='ocrx_word' id='word_1_84' title='bbox 1432 1551 1493 1592; x_wconf 90' lang='lat' dir='ltr'>nec</span> 
     </span>
     <span class='ocr_line' id='line_1_11' title="bbox 367 1631 1491 1712; baseline 0.003 -21"><span class='ocrx_word' id='word_1_85' title='bbox 367 1633 446 1692; x_wconf 90' lang='lat' dir='ltr'>vires</span> <span class='ocrx_word' id='word_1_86' title='bbox 465 1631 609 1709; x_wconf 85' lang='lat' dir='ltr'>deerunt,</span> <span class='ocrx_word' id='word_1_87' title='bbox 631 1651 692 1693; x_wconf 90' lang='lat' dir='ltr'>non</span> <span class='ocrx_word' id='word_1_88' title='bbox 720 1632 859 1709; x_wconf 81' lang='lat' dir='ltr'>cessabo,</span> <span class='ocrx_word' id='word_1_89' title='bbox 880 1633 934 1694; x_wconf 89' lang='lat' dir='ltr'>sed</span> <span class='ocrx_word' id='word_1_90' title='bbox 949 1634 992 1693; x_wconf 82' lang='lat' dir='ltr'>ita</span> <span class='ocrx_word' id='word_1_91' title='bbox 1007 1652 1132 1712; x_wconf 77' lang='lat' dir='ltr'>pergam</span> <span class='ocrx_word' id='word_1_92' title='bbox 1148 1634 1336 1712; x_wconf 75' lang='grc' dir='ltr'>φιλολογεῖν,</span> <span class='ocrx_word' id='word_1_93' title='bbox 1354 1640 1389 1694; x_wconf 89' lang='lat' dir='ltr'>ut</span> <span class='ocrx_word' id='word_1_94' title='bbox 1406 1641 1491 1695; x_wconf 86' lang='lat' dir='ltr'>vete-</span> 
     </span>
     <span class='ocr_line' id='line_1_12' title="bbox 366 1736 1573 1817; baseline 0.003 -23"><span class='ocrx_word' id='word_1_95' title='bbox 366 1754 435 1794; x_wconf 91' lang='lat' dir='ltr'>rum</span> <span class='ocrx_word' id='word_1_96' title='bbox 461 1736 618 1797; x_wconf 88' lang='lat' dir='ltr'>literarum</span> <span class='ocrx_word' id='word_1_97' title='bbox 642 1736 776 1798; x_wconf 91' lang='lat' dir='ltr'>studium</span> <span class='ocrx_word' id='word_1_98' title='bbox 802 1737 840 1797; x_wconf 87' lang='lat' dir='ltr'>ad</span> <span class='ocrx_word' id='word_1_99' title='bbox 867 1755 973 1797; x_wconf 89' lang='lat' dir='ltr'>earum</span> <span class='ocrx_word' id='word_1_100' title='bbox 991 1756 1094 1798; x_wconf 90' lang='lat' dir='ltr'>rerum</span> <span class='ocrx_word' id='word_1_101' title='bbox 1113 1737 1305 1817; x_wconf 89' lang='lat' dir='ltr'>prudentiam</span> <span class='ocrx_word' id='word_1_102' title='bbox 1322 1738 1491 1816; x_wconf 86' lang='lat' dir='ltr'>conferam,</span> <span class='ocrx_word' id='word_1_103' title='bbox 1569 1775 1573 1778; x_wconf 87' lang='lat'><strong>·</strong></span> 
     </span>
     <span class='ocr_line' id='line_1_13' title="bbox 367 1839 1491 1919; baseline 0.003 -19"><span class='ocrx_word' id='word_1_104' title='bbox 367 1839 476 1918; x_wconf 90' lang='lat' dir='ltr'>quibus</span> <span class='ocrx_word' id='word_1_105' title='bbox 498 1840 556 1901; x_wconf 87' lang='lat' dir='ltr'>hac</span> <span class='ocrx_word' id='word_1_106' title='bbox 582 1847 681 1902; x_wconf 84' lang='lat' dir='ltr'>aetate</span> <span class='ocrx_word' id='word_1_107' title='bbox 705 1848 736 1902; x_wconf 90' lang='lat' dir='ltr'>et</span> <span class='ocrx_word' id='word_1_108' title='bbox 762 1841 810 1901; x_wconf 89' lang='lat' dir='ltr'>bis</span> <span class='ocrx_word' id='word_1_109' title='bbox 837 1841 973 1902; x_wconf 89' lang='lat' dir='ltr'>moribus</span> <span class='ocrx_word' id='word_1_110' title='bbox 993 1860 1099 1902; x_wconf 89' lang='lat' dir='ltr'>omnes</span> <span class='ocrx_word' id='word_1_111' title='bbox 1117 1842 1162 1902; x_wconf 90' lang='lat' dir='ltr'>uti</span> <span class='ocrx_word' id='word_1_112' title='bbox 1178 1847 1209 1901; x_wconf 90' lang='lat' dir='ltr'>et</span> <span class='ocrx_word' id='word_1_113' title='bbox 1224 1861 1347 1902; x_wconf 90' lang='lat' dir='ltr'>necesse</span> <span class='ocrx_word' id='word_1_114' title='bbox 1365 1849 1425 1919; x_wconf 90' lang='lat' dir='ltr'>est,</span> <span class='ocrx_word' id='word_1_115' title='bbox 1458 1848 1491 1904; x_wconf 86' lang='lat' dir='ltr'>et</span> 
     </span>
     <span class='ocr_line' id='line_1_14' title="bbox 365 1950 491 2023; baseline 0.008 -20"><span class='ocrx_word' id='word_1_116' title='bbox 365 1950 491 2023; x_wconf 86' lang='lat' dir='ltr'>oportet.</span> 
     </span>
    </p>
   </div>
   <div class='ocr_carea' id='block_1_3' title="bbox 640 2102 1208 2182">
    <p class='ocr_par' dir='ltr' id='par_1_3' title="bbox 640 2102 1208 2182">
     <span class='ocr_line' id='line_1_15' title="bbox 640 2102 1208 2182; baseline -0.004 -19"><span class='ocrx_word' id='word_1_117' title='bbox 640 2102 751 2182; x_wconf 87' lang='lat' dir='ltr'>Scripsi</span> <span class='ocrx_word' id='word_1_118' title='bbox 767 2123 807 2162; x_wconf 90' lang='lat' dir='ltr'>m.</span> <span class='ocrx_word' id='word_1_119' title='bbox 825 2103 947 2164; x_wconf 91' lang='lat' dir='ltr'>Octobri</span> <span class='ocrx_word' id='word_1_120' title='bbox 965 2123 991 2164; x_wconf 93' lang='lat' dir='ltr'>a.</span> <span class='ocrx_word' id='word_1_121' title='bbox 1011 2119 1208 2164; x_wconf 77' lang='lat' dir='ltr'>unccccxrn.</span> 
     </span>
    </p>
   </div>
   <div class='ocr_carea' id='block_1_4' title="bbox 0 0 1626 5500">
    <p class='ocr_par' dir='ltr' id='par_1_4' title="bbox 0 0 1626 5500">
     <span class='ocr_line' id='line_1_16' title="bbox 0 0 1626 5500; baseline 0 1"><span class='ocrx_word' id='word_1_122' title='bbox 0 0 1626 5500; x_wconf 95' lang='lat' dir='ltr'> </span> 
     </span>
    </p>
   </div>
  </div>
 </body>
</html>
