3242 5500
394 558 465 629 tre
747 574 861 625 arnna
887 576 1056 627 ruamus.
1085 560 1103 641 §
1128 560 1163 627 4.

393 753 546 827 instituit
582 775 748 824 coercere.
814 752 896 827 Quo
931 751 1075 847 quidem
1102 751 1179 846 ipso
1202 752 1238 823 in
1261 752 1338 824 loco
1364 752 1504 824 multas

394 863 519 936 Crasso
541 861 710 934 divinitus
733 860 825 933 dicta
838 860 1088 947 efferebantur,
1115 885 1225 957 quum
1239 861 1424 933 sibiillum
1435 887 1501 934 con·
1599 943 1600 948 ἵ

393 974 505 1045 sulem
528 996 603 1044 esse
624 977 786 1067 negaret,
814 970 871 1042 cui
892 977 1031 1043 senator
1054 972 1130 1066 ipse
1154 995 1224 1041 non
1248 979 1357 1044 esset:
1384 971 1446 1044 An
1461 984 1501 1056 tu,

392 1108 498 1179 quum
529 1105 662 1155 omnem
694 1079 936 1152 auctoritatem
955 1079 1111 1153 uniuersi
1130 1080 1265 1153 ordinis
1287 1104 1354 1176 pro
1371 1081 1502 1177 pipam
1596 1075 1599 1086 '

388 1192 545 1289 putaris,
570 1215 711 1285 eumque
732 1190 772 1263 in
792 1201 974 1284 conspectu
989 1189 1116 1285 populi
1138 1189 1293 1263 Bouiani
1313 1190 1501 1275 concidens,
1594 1185 1599 1240 ἕ

392 1329 445 1377 me
470 1301 524 1375 ln‘s
550 1299 727 1374 resistimus
754 1296 958 1395 pipnonbus
981 1298 1127 1372 terreri?
1162 1298 1248 1373 Non
1268 1299 1333 1372 tabi
1352 1299 1418 1374 tua
1438 1313 1501 1373 sunt

391 1411 574 1495 caedenda,
592 1410 623 1484 si
643 1404 810 1484 Crassum
826 1408 879 1481 uis
894 1432 1060 1483 coercere:
1085 1408 1166 1482 baec
1183 1408 1247 1482 uu
1263 1423 1314 1483 est
1329 1410 1502 1483 recidenda

392 1524 530 1621 liupila,
567 1545 636 1617 qua
667 1518 721 1593 uel
748 1518 877 1602 euulsa,
912 1518 1041 1613 spiritu
1060 1519 1136 1614 apso
1159 1518 1338 1594 l'bidinem
1358 1532 1454 1594 tuam
1471 1518 1500 1591 li·

391 1634 504 1706 bertus
525 1655 601 1703 rnen
624 1624 801 1723 refutabit.

344 1720 365 1787 2
440 1741 618 1813 Permulta
655 1746 732 1811 tum
771 1736 1079 1809 vehementissima
1122 1738 1345 1811 contentione
1385 1737 1498 1822 animi,
1594 1815 1599 1838 Ι

352 1848 366 1892 ⁵
391 1851 546 1949 ingenii,
572 1850 699 1921 virium
722 1847 766 1919 ab
792 1871 833 1918 eo
856 1846 948 1919 diota
967 1871 1043 1919 esse
1063 1847 1263 1935 constabat,
1290 1849 1497 1921 sententian·
1594 1843 1598 1866 '

392 1987 460 2059 que
491 1985 587 2046 eam,
621 1982 727 2054 quam
749 1963 890 2028 senatus
913 1956 1078 2052 frequens
1099 1966 1240 2030 secutus
1266 1966 1340 2044 est,
1366 1958 1498 2030 ornatis·
1597 1943 1600 1992 ²

392 2072 488 2144 simis
524 2078 558 2142 et
591 2066 804 2165 gravissimis
838 2064 974 2153 verbis,
1009 2074 1050 2138 ut
1077 2068 1208 2164 populo
1232 2068 1392 2140 Romano
1416 2069 1497 2140 satis·

391 2184 488 2254 ficret
512 2202 706 2274 numquam
737 2183 879 2249 senatus
903 2201 1019 2272 neque
1044 2177 1230 2249 consilium
1254 2177 1305 2249 rei
1332 2176 1497 2274 publicae,

391 2316 506 2388 neque
538 2290 644 2361 fidem
664 2286 850 2372 defuisse,
894 2280 1014 2381 [abeo
1038 2284 1201 2383 dictam3]
1230 2294 1266 2359 et
1286 2288 1436 2359 eundem
1457 2285 1497 2373 (id

390 2402 484 2500 quod
522 2402 559 2472 in
595 2394 861 2471 auctoritatibus
903 2397 1127 2493 praescriptis
1162 2400 1291 2484 exstat)
1331 2396 1497 2469 scribendo

351 2525 365 2569 ⁶
389 2513 540 2586 affuisse.
592 2508 659 2580 Illa
690 2514 871 2602 tamquam
899 2530 1029 2601 cycnea
1047 2507 1114 2578 fuit
1139 2506 1251 2578 divini
1273 2505 1425 2579 hominis
1443 2529 1497 2576 vox

391 2632 425 2697 et
447 2620 572 2707 oratic,
598 2642 703 2714 quam
726 2616 827 2711 quasi
852 2614 1094 2711 exspectantes
1118 2623 1199 2713 post
1227 2615 1303 2689 eius
1332 2618 1495 2689 interitum

389 2730 615 2807 veniebamus
645 2727 856 2813 incuriam,
882 2733 923 2798 ut
944 2726 1132 2822 vestigium
1158 2721 1281 2823 [illud]
1312 2730 1445 2825 ipsum,
1466 2725 1496 2796 in

390 2869 460 2942 quo
481 2843 541 2915 ille
564 2846 781 2936 postremum
810 2835 1015 2923 institisset,
1041 2845 1298 2910 contueremur.
1351 2839 1496 2932 Namque

389 2965 466 3028 tum
496 2954 585 3025 latus
615 2949 647 3020 ei
675 2947 807 3019 dicenti
835 2946 1075 3032 condoluisse,
1103 2947 1338 3043 sudoremque
1360 2948 1496 3019 multum

389 3068 617 3137 consecutum
640 3081 715 3130 esse
732 3054 982 3143 audiebamus,
1010 3081 1053 3128 ex
1082 3081 1153 3152 quo
1182 3081 1293 3154 quum
1318 3056 1494 3130 cohorruis-

391 3182 462 3258 sct,
500 3195 581 3243 curn
617 3167 705 3239 febri
738 3166 883 3239 domurn
918 3167 1042 3254 rediit,
1070 3167 1197 3264 dieque
1220 3167 1371 3264 septimo
1394 3165 1496 3238 lateris

349 3284 508 3356 rdolore
543 3285 748 3353 consumtus
783 3284 847 3349 est.
910 3277 943 3347 Ο
975 3277 1133 3350 fallacem
1169 3276 1354 3350 hominum
1390 3300 1495 3372 spem,

389 3392 619 3489 fragilemque
654 3389 850 3472 fortunam,
877 3394 912 3458 et
937 3387 1060 3458 inanes
1085 3393 1220 3459 nostras
1249 3385 1494 3460 contentiones!

389 3676 458 3724 rinus
473 3685 570 3734 quoque
577 3667 700 3731 probavit,
708 3665 923 3714 secundumLam·
975 3667 1066 3715 Sensus
1087 3670 1140 3723 est,
1161 3681 1212 3714 non
1232 3667 1302 3727 prius
1321 3666 1348 3715 in
1361 3666 1446 3715 emam
1458 3678 1495 3712 vc·

388 3753 490 3810 binum,
508 3749 550 3812 qui
563 3747 674 3797 similiter
692 3743 833 3808 corrigebat
844 3744 924 3801 infra,
974 3743 1070 3800 nimus,
1085 3743 1129 3791 sed
1142 3743 1211 3804 quasi
1222 3743 1293 3792 illam
1306 3758 1390 3792 vocem
1403 3755 1495 3803 exspec-

390 3837 402 3891 §
418 3833 475 3879 214.
973 3821 1127 3879 tavisscmus,
1142 3826 1199 3883 post
1212 3821 1327 3881 demum,
1341 3827 1368 3870 ut
1376 3820 1494 3882 vestigium

425 3915 447 3958 5.
469 3907 511 3970 [ab
531 3922 557 3955 eo
579 3902 698 3965 dictam]
726 3902 757 3949 In
778 3900 925 3963 quibusdam
973 3904 1069 3949 tantum
1084 3901 1136 3948 eius
1149 3905 1333 3948 contueremur.
1360 3898 1421 3958 Quid
1433 3898 1461 3946 sit
1474 3897 1497 3943 ia

390 3986 564 4036 libris'dictam
578 3982 706 4031 omittitur.
725 3980 775 4028 Sed
784 3984 865 4028 totum
877 3980 925 4027 hoc
974 3980 1069 4027 curiam
1081 3980 1177 4036 uenire,
1196 3978 1361 4027 dixiScholic.
1380 3979 1496 4038 Hypomn.

390 4064 597 4116 emblematum,
619 4058 700 4122 arguit
720 4057 828 4119 primunr
847 4058 926 4104 collo·
973 4058 1004 4104 V.
1027 4062 1039 4116 §
1061 4059 1102 4106 65.
1143 4057 1244 4115 Livius,
1265 4058 1369 4105 XXVII.
1383 4057 1406 4102 8.
1422 4057 1450 4112 8,
1466 4053 1497 4100 sic

389 4145 466 4202 catio,
483 4155 531 4204 qua
544 4139 620 4188 nimio
632 4137 764 4185 intervallo
778 4135 926 4199 disiungitur
974 4136 1071 4198 iaqredt
1091 4136 1118 4182 in
1134 4137 1230 4184 curiam
1243 4137 1366 4198 appellat,
1381 4133 1496 4181 diversum

390 4222 421 4272 ab
434 4220 594 4276 sententiam,
616 4222 678 4274 tum,
692 4215 844 4276 praecedens
857 4213 926 4263 dicta
974 4212 1005 4261 ab
1020 4227 1059 4272 co,
1076 4213 1143 4274 quod
1156 4214 1231 4263 modo
1244 4220 1303 4263 ante
1317 4214 1413 4269 diruat,
1427 4213 1452 4259 tu
1462 4226 1494 4258 ae

389 4316 449 4350 esse.
483 4337 485 4341 Α
974 4295 1061 4340 natum
1073 4294 1194 4351 introire,
1213 4293 1245 4342 de
1257 4293 1312 4341 iure
1324 4293 1365 4339 illo
1377 4293 1496 4353 usurpato.

424 4381 447 4428 6.
466 4392 539 4440 quam
559 4374 629 4438 quasi
648 4371 820 4430 exspectantes
835 4399 869 4406 -
886 4385 925 4420 ae-
1007 4373 1037 4419 ut
1063 4371 1190 4432 bestialem
1216 4371 1305 4434 [illud]
1327 4373 1408 4432 nam.
1446 4371 1496 4416 Non

390 4458 513 4505 sciebamus
528 4455 555 4500 a'n
568 4453 671 4502 curiam.
706 4449 789 4497 Minus
802 4454 871 4498 recte
884 4449 925 4498 Pi·
974 4449 1051 4497 utitur
1078 4449 1200 4498 sententia
1226 4450 1320 4512 duplici
1344 4447 1494 4496 Pronominc:

391 4536 492 4584 deritius
528 4533 704 4593 interpretatur
739 4529 925 4587 suspectantes,
973 4527 1089 4577 indicatio
1120 4529 1261 4577 continetur
1287 4529 1329 4586 iis,
1354 4539 1415 4586 quse
1440 4525 1495 4574 adii·

390 4621 515 4674 tamquam
542 4612 562 4660 si
588 4611 676 4658 iterum
698 4605 776 4654 audiri
796 4606 924 4668 puniisset.
974 4607 1081 4656 ciuntur.
1107 4605 1389 4656 Ideoiltndtollcndum
1403 4618 1495 4652 censeo.
