3242 5500
361 526 430 595 136
694 543 807 592 arcun
833 544 1023 593 sucuuuos
1050 523 1152 602 140.

359 715 608 809 hominemque
632 714 804 787 reddidit:
833 740 914 787 uam
937 715 1099 786 hesterno
1125 737 1284 784 sermone
1300 714 1407 786 unius
1422 738 1482 786 cu·

358 822 496 896 iusdam
521 824 654 919 operis,
683 832 722 895 ut
746 824 795 897 ait
821 824 1014 908 Caecilius,
1041 822 1210 917 remigem
1227 821 1382 916 aliquem
1390 833 1482 917 „aut

358 933 516 1006 baiulum
542 932 644 1004 nobis
657 941 827 1005 oratorem
839 934 1092 1029 descripseras,
1110 932 1251 1027 inopem
1268 927 1478 1027 [quendam]

359 1042 609 1128 humanitatis,
635 1050 742 1137 atque
771 1042 996 1114 inurbanum.
1049 1042 1140 1112 Tum
1168 1040 1368 1127 Antonius,
1395 1041 1483 1113 Heri

359 1153 474 1239 enim,
511 1153 648 1247 inquit,
685 1152 751 1226 hoc
774 1152 863 1225 mihi
887 1176 1156 1249 proposueram,
1183 1159 1243 1238 ut,
1271 1153 1300 1225 si
1323 1161 1361 1225 te
1384 1151 1484 1224 refel-

358 1261 498 1349 lissem,
537 1262 601 1333 hos
639 1286 659 1333 a
687 1272 722 1334 te
748 1261 939 1357 discipulos
960 1261 1188 1334 abducerem:
1216 1285 1331 1348 nunc,
1359 1262 1486 1333 caton

357 1372 522 1444 audiente
559 1380 594 1445 ct
629 1371 796 1457 Caesare,
834 1371 953 1443 videor
987 1370 1113 1443 debere
1138 1396 1209 1443 non
1232 1380 1305 1443 tam
1327 1395 1486 1467 pugnare

301 1506 332 1552 n
357 1489 492 1567 tecum,
531 1505 658 1575 quam,
696 1480 783 1575 quid
820 1481 896 1576 ipse
932 1480 1102 1566 sentiam,
1141 1480 1266 1554 dicere.
1319 1481 1486 1577 Sequitur

334 1590 485 1772 ᾳὶωῑ,
524 1586 690 1684 quoniam
726 1589 829 1662 nobis
863 1597 916 1661 est
949 1588 1026 1675 hic,
1062 1589 1106 1661 de
1131 1613 1201 1684 quo
1225 1589 1424 1685 loquimur,
1449 1590 1485 1661 in

373 1724 433 1772 oro
456 1707 564 1794 atque
588 1698 625 1770 in
647 1698 757 1771 oculis
775 1699 904 1771 civium
923 1697 1209 1785 constituendus,
1230 1707 1271 1770 ut
1288 1698 1486 1783 videamus,

359 1809 446 1905 quid
471 1810 504 1880 ei
529 1808 660 1903 negotii
683 1808 827 1894 demus,
849 1809 976 1904 cuique
993 1832 1073 1880 eum
1091 1808 1229 1880 muneri
1246 1808 1396 1880 velimus
1413 1832 1487 1896 esse

358 1918 608 2015 praepositum.
649 1919 684 1989 N
686 1942 742 1990 am
769 1918 916 1989 Crassus
939 1917 1034 2003 heri,
1061 1942 1171 2014 quum
1195 1942 1275 2003 vos,
1302 1917 1429 1989 Catule
1453 1928 1486 1989 et

358 2027 506 2113 Caesar,
532 2051 603 2098 non
629 2027 818 2111 adessetis,
846 2028 963 2122 posuit
985 2026 1136 2099 breviter
1159 2026 1196 2097 in
1218 2027 1303 2098 artis
1320 2026 1485 2099 distribu-

357 2137 452 2209 tione
486 2136 601 2223 idem,
640 2136 736 2232 quod
773 2136 899 2208 Graeci
935 2135 1094 2232 plerique
1131 2144 1345 2231 posuerunt,
1372 2161 1486 2231 neque

358 2271 463 2332 sane,
500 2246 586 2341 quid
622 2246 698 2340 ipse
736 2246 900 2331 sentiret,
933 2246 994 2318 sed
1019 2245 1106 2341 quid
1130 2247 1174 2319 ab
1198 2245 1269 2317 illis
1292 2245 1486 2330 diceretur,

357 2356 530 2441 ostendit;
562 2355 633 2427 duo
663 2356 776 2451 prima
801 2380 930 2449 genere
952 2355 1199 2450 quaestionum
1224 2378 1319 2440 esse,
1345 2355 1383 2426 in
1410 2356 1486 2451 qui·

358 2464 425 2537 bus
465 2464 664 2559 eloquentia
701 2472 913 2549 versaretur,
957 2489 1068 2536 unum
1102 2464 1301 2549 infinitum,
1339 2463 1486 2536 alterum

299 2608 331 2652 aa
358 2582 504 2647 certum.
559 2573 744 2645 Infinitum
779 2572 868 2645 mihi
901 2574 1086 2646 videbatur
1119 2574 1156 2646 id
1193 2573 1327 2659 dicere,
1354 2574 1392 2644 in
1418 2598 1486 2669 quo

356 2684 491 2780 aliquid
508 2683 703 2779 generatim
722 2692 967 2778 quaereretur,
994 2682 1059 2756 hoc
1076 2682 1196 2756 modo:
1227 2678 1486 2779 [expetendane

356 2802 447 2866 esset
471 2793 670 2889 eloquentia
681 2787 708 2887 ;]
737 2793 974 2889 expetendine
999 2793 1166 2866 honores:
1193 2801 1328 2866 certum
1345 2804 1484 2878 autem,

356 2905 503 2999 inquo,
529 2902 615 2998 quid
640 2903 677 2974 in
702 2902 882 2998 personis,
908 2910 944 2974 et
964 2903 1001 2974 in
1014 2903 1255 2975 constitutore
1268 2902 1484 2988 etdefinita,

356 3243 478 3292 Antonius
497 3257 586 3304 supra,
609 3244 630 3291 1.
646 3248 658 3302 5
673 3244 736 3301 260,
749 3245 776 3291 iu
790 3243 835 3292 doc
848 3258 897 3292 uno
944 3249 1058 3300 ornatus,
1073 3243 1111 3292 his
1125 3244 1235 3292 studium
1248 3249 1274 3292 et
1283 3244 1485 3292 exercitationem

355 3334 442 3382 apere,
456 3323 486 3368 ut
499 3322 536 3368 ita
550 3322 639 3369 dicam.
944 3322 1070 3385 adiungit:
1081 3322 1130 3370 sed
1143 3323 1281 3382 expetimus
1293 3320 1362 3370 bona
1374 3329 1484 3372 externe.

389 3400 484 3460 inopem
504 3400 660 3461 [quendam.
680 3399 897 3449 MeritoErrrestus
944 3403 1034 3449 Totum
1053 3400 1132 3458 illud,
1153 3406 1182 3448 ut
1200 3401 1328 3462 ineptum,
1350 3401 1485 3450 delendum

355 3476 685 3527 offendebetnrilloadiecto
693 3477 855 3527 Pronomine:
870 3477 896 3525 in
945 3484 995 3528 est:
1020 3479 1116 3540 aptiore
1141 3480 1255 3541 exempla
1274 3480 1347 3540 ponit
1367 3481 1485 3538 Crassus,

356 3569 424 3603 mera
444 3556 610 3618 descriptione
632 3557 697 3615 eius,
724 3571 798 3617 quem
822 3556 897 3604 modo
945 3558 994 3605 III.
1009 3561 1022 3616 ξ
1038 3558 1094 3606 116.
1116 3559 1160 3613 Et,
1174 3571 1206 3604 ne
1220 3557 1486 3619 quisexistimet,huic

356 3634 897 3698 remiqemaliquemvocavereumeliusillud
945 3635 1072 3683 doctrinae
1101 3636 1227 3683 adversari
1251 3641 1337 3684 tamen
1356 3638 1444 3684 locum
1464 3637 1485 3684 1.

356 3713 431 3762 Pron.
446 3711 529 3770 abest,
543 3726 624 3774 neque
639 3713 791 3762 admittenda
798 3713 897 3762 Ernesti
945 3717 958 3771 §
982 3714 1025 3772 19,
1044 3715 1183 3762 tenendum
1201 3713 1256 3762 istic
1276 3711 1348 3762 verbi
1369 3715 1487 3775 expetere

355 3790 489 3848 correctio,
504 3790 610 3852 quidem.
646 3793 684 3840 De
697 3791 808 3840 eiusdem
820 3793 896 3840 Pr0n.
944 3789 1069 3840 obiectum
1082 3792 1261 3854 essegloriam,
1275 3792 1485 3855 antummum,

355 3867 524 3917 abusunotavi
532 3884 615 3931 supra,
623 3871 655 3917 ed
664 3871 684 3918 1.
694 3874 706 3928 ξ
717 3871 747 3917 12
755 3870 823 3918 etII.
832 3874 845 3927 ξ
853 3872 895 3918 40.
945 3883 995 3917 non
1009 3871 1184 3930 eloquentiam.

356 3946 405 3994 Sed
419 3947 439 3994 Ι.
456 3950 467 4004 5
483 3948 514 3994 94
528 3947 749 4010 negleximonere‚
761 3946 851 4005 verba,
865 3963 898 3994 ee
979 3949 1021 3995 43.
1038 3962 1067 3994 ea
1086 3949 1147 3996 mihi
1167 3947 1283 3996 videntur
1299 3975 1341 3998 -.
1357 3950 1416 3997 Non
1431 3949 1485 3996 atti-

356 4027 475 4073 commum'
500 4027 605 4086 quadem
626 4026 738 4086 opinione
759 4027 896 4084 hominum,
945 4023 1021 4074 nebat
1038 4041 1128 4073 novem
1142 4026 1176 4074 ita
1188 4027 1306 4074 inchoare
1319 4029 1485 4083 sententiam,

355 4104 411 4151 ideo
427 4117 523 4165 quoque
537 4104 687 4166 interpolata
701 4104 762 4150 mihi
775 4104 863 4152 viden'.
946 4103 1015 4164 qnasi
1035 4104 1094 4153 novi
1113 4105 1207 4167 aliquid
1226 4105 1259 4153 de
1272 4105 1301 4153 iis
1309 4119 1397 4166 ,qnae
1410 4105 1486 4153 modo

389 4183 430 4228 41.
448 4181 496 4229 deo
521 4184 607 4242 prima
635 4195 734 4246 ponera.
783 4184 819 4230 Ut
846 4184 896 4230 111.
945 4183 1046 4230 definita
1066 4189 1150 4240 mant,
1172 4188 1367 4244 exspectaretur:
1386 4185 1485 4240 stetim,

357 4261 442 4317 5116.
945 4266 974 4309 ut
994 4261 1083 4310 Crasso
1103 4268 1259 4320 occurretur,
1285 4276 1378 4324 genera
1398 4262 1486 4311 distin·

389 4339 430 4384 42.
450 4338 631 4398 [expetendane
650 4342 714 4386 esaet
733 4339 896 4399 eloquentia}
945 4345 1068 4402 gemtus,
1096 4341 1211 4389 iudiciale
1236 4348 1261 4388 et
1284 4340 1484 4389 deliberativum.

320 4471 329 4488 Ι
355 4416 403 4463 Vix
416 4416 519 4465 concedi
533 4421 615 4478 potest
628 4416 690 4474 hoc,
705 4422 733 4464 ut
740 4416 836 4464 dicatur
842 4415 896 4478 quis
945 4418 1140 4481 corrigendum,
1154 4419 1245 4467 etmihi
1251 4420 1380 4477 eruatur,
1395 4425 1485 4466 etcum

356 4497 471 4554 ecpetere
483 4495 663 4558 eloquentiam,
679 4509 752 4556 quarn
767 4498 880 4556 consequi
888 4531 893 4553 ‚
944 4498 1075 4546 antecedd.
1089 4498 1293 4546 continuandum.

356 4576 398 4620 aut
411 4575 507 4633 assequi
520 4574 578 4622 licet
593 4574 627 4631 ei,
643 4574 698 4635 qui,
714 4578 816 4622 naturae
824 4572 895 4622 bonis
977 4590 992 4622 α
1008 4576 1248 4624 Craaeotactumeat.
1267 4577 1417 4637 Nempe1.§
1428 4577 1483 4623 141.
