3242 5500
410 555 456 622 sl
752 576 864 625 crana
891 577 1028 625 Parmos
1056 560 1073 640 §
1101 560 1181 630 197.

408 746 597 841 prudentia
629 746 752 818 ceteris
789 747 977 842 gentibus,
1012 758 1088 821 tum
1113 749 1277 822 facillime
1301 750 1523 846 intelligetis,

410 856 439 928 si
456 880 536 927 cum
558 856 698 928 illorum
727 851 906 952 [Lycurgo
930 865 965 929 et
990 857 1150 929 Dracone
1172 867 1207 931 et
1233 856 1377 956 Solone]
1396 869 1524 932 nostras

409 964 504 1060 leges
528 965 684 1037 conferre
706 965 905 1037 volueritis:
926 965 1132 1039 incredibile
1154 976 1208 1040 est
1225 968 1340 1055 enim,
1364 970 1524 1064 quamsit

408 1098 512 1146 omne
545 1074 600 1147 ius
635 1074 757 1160 civile,
791 1082 928 1171 praeter
951 1075 1016 1148 hoc
1039 1085 1219 1168 nostrum,
1244 1078 1466 1151 inconditum
1489 1103 1523 1149 ac

408 1207 519 1279 paene
554 1182 760 1256 ridiculum:
800 1185 845 1256 de
881 1208 952 1280 quo
986 1186 1096 1258 multa
1128 1187 1221 1258 soleo
1246 1186 1283 1258 in
1309 1185 1523 1259 sermonibus

408 1292 622 1388 quotidianis
646 1292 780 1379 dicere,
813 1318 924 1389 quum
944 1293 1127 1366 hominum
1151 1303 1350 1369 nostrorum
1374 1297 1522 1393 pruden-

406 1403 493 1474 tiam
527 1401 651 1474 ceteris
685 1402 872 1488 omnibus,
907 1410 943 1474 et
974 1404 1125 1475 maxime
1150 1405 1311 1492 Graecia,
1338 1413 1520 1502 antepone.

407 1510 476 1582 His
498 1535 563 1605 ego
588 1510 769 1583 decausis
794 1511 971 1598 dixeram,
998 1513 1184 1599 Scaevola,
1206 1513 1272 1599 iis,
1298 1515 1360 1610 qui
1384 1515 1523 1611 perfecti

405 1628 557 1691 oratores
583 1644 657 1693 esse
681 1620 831 1707 vellent,
859 1620 945 1693 iuris
970 1622 1080 1694 civilis
1105 1623 1341 1717 cognitionem
1365 1648 1444 1695 esse
1468 1649 1521 1695 ne·

405 1753 600 1801 rossanam.

332 1850 378 1918 45
455 1838 530 1910 lam
562 1863 642 1911 vero
674 1840 750 1935 ipsa
781 1864 844 1936 per
877 1864 951 1913 sese
975 1848 1148 1935 quantum
1172 1842 1293 1913 afferat
1317 1841 1383 1927 iis,
1408 1842 1473 1938 qui
1495 1843 1523 1913 ei

333 1950 380 1997 1⁹8
404 1955 594 2043 praesunt,
629 1948 790 2037 honoria,
826 1950 981 2045 gratiae,
1015 1949 1222 2046 dignitatm,
1255 1950 1335 2046 quis
1364 1951 1523 2047 ignorat?

404 2056 549 2152 Itaque,
586 2065 625 2129 ut
656 2057 751 2153 apud
785 2059 937 2130 Graecos
969 2058 1083 2131 infimi
1117 2059 1299 2146 hominen,
1329 2060 1523 2133 mercedula

403 2166 565 2253 adducti,
599 2168 779 2239 ministros
814 2192 851 2239 se
883 2166 1053 2263 praebent
1084 2169 1121 2239 in
1146 2168 1286 2241 indiciis
1309 2168 1522 2254 oratoribus,

402 2276 448 2361 ii,
475 2275 536 2372 qui
562 2276 657 2371 apud
681 2276 760 2348 illos
785 2276 1028 2372 apapparcaol
1045 2286 1228 2364 vocantur;
1258 2274 1340 2373 [sio]
1357 2278 1394 2349 in
1408 2288 1523 2351 nostra

402 2384 541 2457 civitate
574 2394 694 2458 contra
716 2386 955 2481 amplissimus
980 2387 1129 2482 quisque
1155 2395 1190 2459 et
1214 2388 1428 2459 clarissimus
1456 2389 1522 2470 vir,

400 2628 697 2639 -u--n—-n-——n-——nan

402 2800 475 2848 cedd.
486 2797 600 2857 relatur.
626 2797 702 2855 Tum,
717 2798 939 2847 offenditadditum
988 2797 1076 2856 batur,
1096 2802 1124 2846 ιιι
1142 2811 1225 2853 mena,
1246 2811 1312 2855 mos,
1326 2797 1461 2858 direptam
1474 2801 1526 2846 oola

402 2879 481 2934 iaris,
501 2890 601 2939 prorsus
615 2874 752 2930 abundans.
787 2877 895 2925 Maxime
908 2875 940 2926 ab
988 2879 1053 2924 esset
1070 2874 1179 2937 patriae,
1199 2875 1292 2935 illaque
1311 2879 1467 2937 comparatio
1491 2877 1527 2926 isti

403 2956 450 3004 hac
470 2955 592 3003 sententia
611 2953 692 3002 aliena
709 2959 747 3002 est
758 2958 813 3002 tam
827 2956 939 3014 laetitia,
989 2953 1105 3002 scientiae
1119 2959 1245 3014 tamquam
1254 2955 1436 3002 consectarium
1443 2956 1525 3003 adinn-

402 3038 456 3081 tum
469 3033 594 3093 uoluptas:
609 3032 882 3093 nepereiperequidem
890 3036 939 3081 lae-
989 3031 1063 3094 gitur.
1104 3033 1211 3079 Tantum
1229 3031 1315 3080 videre
1341 3031 1404 3080 mihi
1427 3034 1525 3090 videor,

403 3112 499 3168 tiliam,
513 3111 540 3157 in
554 3109 601 3158 hac
615 3114 682 3158 certe
696 3109 874 3170 disputatione,
888 3115 940 3159 tam
989 3125 1065 3171 quum
1078 3109 1153 3157 modo
1167 3109 1261 3157 dictum
1275 3114 1340 3158 esset
1348 3112 1465 3170 primum
1475 3115 1526 3176 (ea-

402 3195 470 3238 recte
483 3188 588 3245 dieitur,
603 3202 677 3248 quam
686 3180 816 3248 per‘espere
828 3190 939 3250 coluplo-
988 3189 1028 3234 iae
1039 3186 1176 3252 primum),
1198 3187 1256 3234 huic
1270 3202 1301 3235 ex
1314 3188 1393 3236 altera
1406 3196 1478 3251 parte
1491 3205 1526 3238 ra·

359 3261 360 3266 ’
404 3267 467 3324 tenu
492 3279 640 3328 quamquam
660 3265 782 3326 Epicureo
796 3268 940 3316 conceditur
989 3266 1184 3328 sponderelam:
1200 3270 1237 3324 et,
1252 3269 1527 3327 quamquamnihilma·

403 3351 431 3394 ut
444 3345 510 3394 dicat
523 3345 682 3408 sepultionem
696 3357 780 3391 reram
794 3345 888 3404 afferre
900 3359 939 3394 vo·
989 3344 1015 3392 lo
1035 3344 1153 3401 definire,
1174 3349 1257 3405 aptam
1276 3343 1332 3392 fore
1352 3347 1528 3395 sententiarum

404 3425 538 3484 raptatam,
553 3428 579 3471 et
591 3426 620 3470 ut
634 3421 755 3469 laetitiam
765 3421 941 3484 interpretetur
989 3422 1314 3483 coniunctionemputarem,
1319 3423 1348 3481 si,
1353 3425 1458 3486 reliquis
1463 3425 1528 3490 (per-

403 3495 755 3563 voluptatem,rii1.1.§25.
781 3501 940 3549 Veriusmul-
989 3500 1133 3560 eipielie-
1146 3498 1530 3565 quod)0missis,1egeretur,-

402 3591 429 3630 to
442 3587 468 3630 et
480 3581 614 3630 modestius
628 3580 730 3628 Crassus
743 3579 834 3637 modo,
849 3583 862 3637 5
877 3580 939 3638 193,
990 3577 1177 3638 comparandis:
1193 3581 1257 3637 lum,
1271 3581 1529 3642 quonlamproeslile·

403 3661 572 3724 appellaverat
591 3658 738 3706 maritalem
758 3659 783 3703 el
797 3658 940 3706 delectatio·
990 3657 1045 3703 rial
1063 3657 1144 3703 ooslri
1163 3658 1269 3703 maiores
1282 3657 1424 3717 prudentia
1445 3660 1531 3706 ceteris

403 3753 457 3786 nem
471 3737 681 3800 locopooaaeoda:
691 3736 859 3794 annanias,
868 3736 941 3784 Cras·
988 3735 1116 3800 pentibus,
1125 3735 1251 3796 facillime
1264 3736 1425 3799 inlellipets'e,
1435 3735 1464 3786 ‘si
1476 3765 1515 3784 -.

404 3830 431 3864 so
450 3816 618 3876 respondens,
639 3828 715 3875 quum
728 3813 809 3874 ipsum
822 3813 886 3862 illud
899 3813 940 3860 de·
1023 3814 1046 3860 si
1059 3827 1114 3860 eum
1128 3815 1228 3861 illorum
1243 3813 1367 3877 [Lycurgo
1380 3817 1408 3860 el
1419 3816 1531 3864 Dracone

404 3891 819 3953 laetationisvocabulumsuscipit,
833 3906 883 3940 aon
895 3892 942 3940 nisi
990 3891 1016 3938 el
1034 3890 1130 3953 Solone]
1146 3894 1245 3940 nostras
1258 3893 1321 3952 lepee
1334 3892 1456 3953 conferre
1468 3898 1530 3942 voa·

402 3971 940 4030 ridendovoluptaleminterpretatur,5246.
990 3970 1071 4017 erilis.
1111 3970 1187 4018 Recte
1207 3969 1268 4017 mihi
1287 3970 1388 4018 videtur
1409 3973 1531 4034 Kayseras

404 4050 429 4098 Si
435 4064 510 4112 porro
516 4049 664 4098 attendimus
671 4047 940 4110 seriemargumentan-
989 4047 1032 4095 illa
1046 4047 1146 4095 nomina
1159 4047 1431 4108 proinsititiisbabere:
1448 4065 1531 4112 quarn·

404 4128 442 4186 di,
456 4128 641 4190 agnoscendam
655 4130 692 4175 est
704 4130 784 4174 totum
791 4125 940 4190 hocperei-
990 4140 1076 4187 quam,
1091 4131 1119 4174 ut
1131 4125 1171 4174 isti
1182 4126 1230 4188 ipsi
1242 4126 1277 4174 sic
1290 4126 1387 4189 legibus
1402 4143 1531 4191 opponan-

399 4205 477 4265 piella
489 4207 564 4252 etiam
577 4204 622 4269 —)
636 4205 670 4252 sic
683 4203 801 4265 proponi,
815 4208 941 4263 tamqnam
989 4208 1046 4262 tur,
1066 4203 1129 4251 nihil
1149 4203 1225 4253 habet
1240 4205 1315 4264 novi,
1331 4210 1358 4254 et
1371 4209 1531 4256 commenda·

404 4284 424 4332 si
437 4299 530 4333 novum
550 4284 609 4345 quid
626 4290 650 4331 et
664 4283 789 4330 diversum
802 4297 817 4328 a
830 4281 941 4343 proxime
989 4287 1030 4330 tur
1049 4281 1176 4330 notissimo
1195 4284 1310 4344 exemplo
1323 4285 1396 4332 Offic.
1417 4287 1442 4334 1.
1458 4291 1471 4345 ξ
1489 4286 1532 4343 76,

403 4361 604 4411 antecedentibus
614 4360 940 4410 esset:actamenillacom·
989 4360 1053 4408 sicut
1078 4375 1137 4408 mox
1160 4363 1302 4410 nostrorum
1326 4361 1455 4412 heminam
1470 4378 1532 4425 pru·

404 4441 498 4500 paratio
519 4442 645 4489 Romanae
658 4437 763 4486 civitatis
783 4452 841 4485 cum
863 4441 939 4486 Grae·
989 4439 1074 4486 &ntia
1086 4439 1220 4500 opponitur
1233 4439 1332 4486 celeris.

404 4532 490 4566 corum
508 4518 625 4568 institutis
646 4515 781 4564 arctissima
805 4516 940 4565 'coniuncta
1024 4518 1292 4580 198.itaqoe,atapad
1299 4517 1531 4582 Graeeoa-;[eic]

405 4601 457 4643 arat
476 4609 532 4643 cum
552 4609 597 4652 eo,
612 4595 679 4655 quod
691 4595 766 4642 modo
779 4595 938 4657 commenda·
989 4595 1016 4642 tn
1029 4596 1115 4642 nostra
1128 4596 1274 4643 οἰιιίιαιε-.
1283 4596 1314 4643 ln
1322 4595 1360 4644 his
1368 4596 1533 4659 hocprimum
