<?xml version="1.0" encoding="UTF-8"?>
<!DOCTYPE html PUBLIC "-//W3C//DTD XHTML 1.0 Transitional//EN"
    "http://www.w3.org/TR/xhtml1/DTD/xhtml1-transitional.dtd">
<html xmlns="http://www.w3.org/1999/xhtml" xml:lang="en" lang="en">
 <head>
  <title>
</title>
<meta http-equiv="Content-Type" content="text/html;charset=utf-8" />
  <meta name='ocr-system' content='tesseract 3.04.00' />
  <meta name='ocr-capabilities' content='ocr_page ocr_carea ocr_par ocr_line ocrx_word'/>
</head>
<body>
  <div class='ocr_page' id='page_1' title='image "./mtulliiciceroni01bakegoog_0356.png"; bbox 0 0 3242 5500; ppageno 0'>
   <div class='ocr_carea' id='block_1_1' title="bbox 392 544 1193 644">
    <p class='ocr_par' dir='ltr' id='par_1_1' title="bbox 392 544 1193 644">
     <span class='ocr_line' id='line_1_1' title="bbox 392 544 1193 644; baseline -0.004 -12"><span class='ocrx_word' id='word_1_1' title='bbox 392 565 463 632; x_wconf 73' lang='lat'>336</span> <span class='ocrx_word' id='word_1_2' title='bbox 726 580 838 631; x_wconf 75' lang='grc' dir='ltr'>ιιιιιιιι</span> <span class='ocrx_word' id='word_1_3' title='bbox 866 544 1039 630; x_wconf 51' lang='lat' dir='ltr'>runcinus}</span> <span class='ocrx_word' id='word_1_4' title='bbox 1065 567 1082 644; x_wconf 83' lang='lat'>§</span> <span class='ocrx_word' id='word_1_5' title='bbox 1111 563 1193 631; x_wconf 70' lang='lat' dir='ltr'>lla.</span> 
     </span>
    </p>
   </div>
   <div class='ocr_carea' id='block_1_2' title="bbox 311 751 1536 3361">
    <p class='ocr_par' dir='ltr' id='par_1_2' title="bbox 388 751 1523 1395">
     <span class='ocr_line' id='line_1_2' title="bbox 392 751 1523 850; baseline 0.004 -27"><span class='ocrx_word' id='word_1_6' title='bbox 392 753 600 848; x_wconf 83' lang='lat' dir='ltr'>sapientiam</span> <span class='ocrx_word' id='word_1_7' title='bbox 634 752 791 832; x_wconf 87' lang='lat' dir='ltr'>iunctam</span> <span class='ocrx_word' id='word_1_8' title='bbox 828 751 955 824; x_wconf 88' lang='lat' dir='ltr'>habere</span> <span class='ocrx_word' id='word_1_9' title='bbox 990 753 1232 848; x_wconf 81' lang='lat' dir='ltr'>eloquentiae,</span> <span class='ocrx_word' id='word_1_10' title='bbox 1268 751 1523 850; x_wconf 87' lang='lat' dir='ltr'>philosophum</span> 
     </span>
     <span class='ocr_line' id='line_1_3' title="bbox 391 861 1521 958; baseline 0.003 -24"><span class='ocrx_word' id='word_1_11' title='bbox 391 863 567 958; x_wconf 89' lang='lat' dir='ltr'>appellare</span> <span class='ocrx_word' id='word_1_12' title='bbox 592 862 718 947; x_wconf 89' lang='lat' dir='ltr'>malet,</span> <span class='ocrx_word' id='word_1_13' title='bbox 745 885 816 932; x_wconf 91' lang='lat' dir='ltr'>non</span> <span class='ocrx_word' id='word_1_14' title='bbox 834 861 1044 956; x_wconf 81' lang='lat' dir='ltr'>impediam3</span> <span class='ocrx_word' id='word_1_15' title='bbox 1071 862 1264 934; x_wconf 91' lang='lat' dir='ltr'>dummodo</span> <span class='ocrx_word' id='word_1_16' title='bbox 1281 861 1348 935; x_wconf 90' lang='lat' dir='ltr'>hoc</span> <span class='ocrx_word' id='word_1_17' title='bbox 1366 863 1521 950; x_wconf 90' lang='lat' dir='ltr'>constet,</span> 
     </span>
     <span class='ocr_line' id='line_1_4' title="bbox 391 971 1520 1069; baseline 0.003 -27"><span class='ocrx_word' id='word_1_18' title='bbox 391 996 506 1068; x_wconf 92' lang='lat' dir='ltr'>neque</span> <span class='ocrx_word' id='word_1_19' title='bbox 539 971 724 1043; x_wconf 77' lang='lat' dir='ltr'>infantiam</span> <span class='ocrx_word' id='word_1_20' title='bbox 760 971 855 1056; x_wconf 80' lang='lat' dir='ltr'>eiua,</span> <span class='ocrx_word' id='word_1_21' title='bbox 893 972 1054 1066; x_wconf 89' lang='lat' dir='ltr'>quirem</span> <span class='ocrx_word' id='word_1_22' title='bbox 1079 971 1191 1058; x_wconf 89' lang='lat' dir='ltr'>norit,</span> <span class='ocrx_word' id='word_1_23' title='bbox 1219 971 1280 1043; x_wconf 90' lang='lat' dir='ltr'>sed</span> <span class='ocrx_word' id='word_1_24' title='bbox 1305 996 1384 1043; x_wconf 91' lang='lat' dir='ltr'>eam</span> <span class='ocrx_word' id='word_1_25' title='bbox 1409 975 1520 1069; x_wconf 89' lang='lat' dir='ltr'>expli·</span> 
     </span>
     <span class='ocr_line' id='line_1_5' title="bbox 390 1079 1520 1176; baseline 0.002 -24"><span class='ocrx_word' id='word_1_26' title='bbox 390 1105 468 1153; x_wconf 89' lang='lat' dir='ltr'>care</span> <span class='ocrx_word' id='word_1_27' title='bbox 502 1080 650 1152; x_wconf 91' lang='lat' dir='ltr'>dicendo</span> <span class='ocrx_word' id='word_1_28' title='bbox 679 1103 749 1151; x_wconf 91' lang='lat' dir='ltr'>non</span> <span class='ocrx_word' id='word_1_29' title='bbox 776 1087 903 1176; x_wconf 87' lang='lat' dir='ltr'>queat,</span> <span class='ocrx_word' id='word_1_30' title='bbox 931 1105 1046 1176; x_wconf 91' lang='lat' dir='ltr'>neque</span> <span class='ocrx_word' id='word_1_31' title='bbox 1069 1081 1290 1152; x_wconf 78' lang='lat' dir='ltr'>inscientiam</span> <span class='ocrx_word' id='word_1_32' title='bbox 1315 1079 1434 1168; x_wconf 90' lang='lat' dir='ltr'>illius,</span> <span class='ocrx_word' id='word_1_33' title='bbox 1461 1085 1520 1154; x_wconf 89' lang='lat' dir='ltr'>oui</span> 
     </span>
     <span class='ocr_line' id='line_1_6' title="bbox 390 1189 1517 1286; baseline 0.002 -25"><span class='ocrx_word' id='word_1_34' title='bbox 390 1215 445 1262; x_wconf 89' lang='lat' dir='ltr'>res</span> <span class='ocrx_word' id='word_1_35' title='bbox 477 1214 547 1262; x_wconf 92' lang='lat' dir='ltr'>non</span> <span class='ocrx_word' id='word_1_36' title='bbox 580 1197 764 1286; x_wconf 86' lang='lat' dir='ltr'>suppetat,</span> <span class='ocrx_word' id='word_1_37' title='bbox 796 1189 902 1261; x_wconf 81' lang='lat' dir='ltr'>verba</span> <span class='ocrx_word' id='word_1_38' title='bbox 926 1215 997 1262; x_wconf 92' lang='lat' dir='ltr'>non</span> <span class='ocrx_word' id='word_1_39' title='bbox 1021 1191 1157 1274; x_wconf 89' lang='lat' dir='ltr'>desint,</span> <span class='ocrx_word' id='word_1_40' title='bbox 1185 1214 1260 1261; x_wconf 89' lang='lat' dir='ltr'>esse</span> <span class='ocrx_word' id='word_1_41' title='bbox 1282 1189 1517 1262; x_wconf 88' lang='lat' dir='ltr'>laudandam:</span> 
     </span>
     <span class='ocr_line' id='line_1_7' title="bbox 388 1298 1518 1395; baseline 0.001 -25"><span class='ocrx_word' id='word_1_42' title='bbox 388 1324 541 1395; x_wconf 78' lang='lat' dir='ltr'>quorum</span> <span class='ocrx_word' id='word_1_43' title='bbox 577 1299 606 1370; x_wconf 91' lang='lat' dir='ltr'>si</span> <span class='ocrx_word' id='word_1_44' title='bbox 642 1298 789 1369; x_wconf 88' lang='lat' dir='ltr'>alterurn</span> <span class='ocrx_word' id='word_1_45' title='bbox 815 1299 860 1369; x_wconf 90' lang='lat' dir='ltr'>sit</span> <span class='ocrx_word' id='word_1_46' title='bbox 885 1299 1101 1394; x_wconf 90' lang='lat' dir='ltr'>optandum,</span> <span class='ocrx_word' id='word_1_47' title='bbox 1127 1299 1248 1371; x_wconf 89' lang='lat' dir='ltr'>malim</span> <span class='ocrx_word' id='word_1_48' title='bbox 1271 1298 1438 1394; x_wconf 92' lang='lat' dir='ltr'>equidem</span> <span class='ocrx_word' id='word_1_49' title='bbox 1463 1301 1518 1371; x_wconf 93' lang='lat' dir='ltr'>in·</span> 
     </span>
    </p>

    <p class='ocr_par' dir='ltr' id='par_1_3' title="bbox 319 1407 1536 2573">
     <span class='ocr_line' id='line_1_8' title="bbox 319 1407 1517 1504; baseline -0.003 -22"><span class='ocrx_word' id='word_1_50' title='bbox 319 1439 365 1490; x_wconf 77' lang='lat'>143</span> <span class='ocrx_word' id='word_1_51' title='bbox 389 1410 556 1481; x_wconf 86' lang='lat' dir='ltr'>disertam</span> <span class='ocrx_word' id='word_1_52' title='bbox 581 1407 827 1504; x_wconf 83' lang='lat' dir='ltr'>prudentiam,</span> <span class='ocrx_word' id='word_1_53' title='bbox 855 1433 960 1502; x_wconf 87' lang='lat' dir='ltr'>quam</span> <span class='ocrx_word' id='word_1_54' title='bbox 991 1408 1178 1480; x_wconf 87' lang='lat' dir='ltr'>stultitiam</span> <span class='ocrx_word' id='word_1_55' title='bbox 1207 1408 1402 1504; x_wconf 91' lang='lat' dir='ltr'>loquacem.</span> <span class='ocrx_word' id='word_1_56' title='bbox 1456 1409 1517 1481; x_wconf 88' lang='lat' dir='ltr'>Sin</span> 
     </span>
     <span class='ocr_line' id='line_1_9' title="bbox 389 1516 1517 1613; baseline -0.001 -24"><span class='ocrx_word' id='word_1_57' title='bbox 389 1518 609 1613; x_wconf 87' lang='lat' dir='ltr'>quaerimus,</span> <span class='ocrx_word' id='word_1_58' title='bbox 652 1516 739 1610; x_wconf 91' lang='lat' dir='ltr'>quid</span> <span class='ocrx_word' id='word_1_59' title='bbox 779 1541 893 1588; x_wconf 91' lang='lat' dir='ltr'>unum</span> <span class='ocrx_word' id='word_1_60' title='bbox 930 1517 1075 1590; x_wconf 83' lang='lat' dir='ltr'>excellat</span> <span class='ocrx_word' id='word_1_61' title='bbox 1109 1542 1153 1588; x_wconf 87' lang='lat' dir='ltr'>ex</span> <span class='ocrx_word' id='word_1_62' title='bbox 1190 1516 1377 1604; x_wconf 91' lang='lat' dir='ltr'>omnibus,</span> <span class='ocrx_word' id='word_1_63' title='bbox 1415 1518 1517 1591; x_wconf 87' lang='lat' dir='ltr'>docto</span> 
     </span>
     <span class='ocr_line' id='line_1_10' title="bbox 388 1625 1517 1722; baseline 0.001 -25"><span class='ocrx_word' id='word_1_64' title='bbox 388 1627 516 1699; x_wconf 87' lang='lat' dir='ltr'>oratori</span> <span class='ocrx_word' id='word_1_65' title='bbox 551 1626 668 1721; x_wconf 90' lang='lat' dir='ltr'>palma</span> <span class='ocrx_word' id='word_1_66' title='bbox 705 1625 821 1697; x_wconf 90' lang='lat' dir='ltr'>danda</span> <span class='ocrx_word' id='word_1_67' title='bbox 857 1634 929 1698; x_wconf 90' lang='lat' dir='ltr'>est:</span> <span class='ocrx_word' id='word_1_68' title='bbox 958 1651 1063 1722; x_wconf 87' lang='lat' dir='ltr'>quern</span> <span class='ocrx_word' id='word_1_69' title='bbox 1089 1626 1118 1698; x_wconf 91' lang='lat' dir='ltr'>si</span> <span class='ocrx_word' id='word_1_70' title='bbox 1141 1627 1327 1722; x_wconf 91' lang='lat' dir='ltr'>patiuntur</span> <span class='ocrx_word' id='word_1_71' title='bbox 1352 1627 1517 1699; x_wconf 90' lang='lat' dir='ltr'>eumdem</span> 
     </span>
     <span class='ocr_line' id='line_1_11' title="bbox 388 1734 1536 1830; baseline 0 -23"><span class='ocrx_word' id='word_1_72' title='bbox 388 1760 463 1807; x_wconf 92' lang='lat' dir='ltr'>esse</span> <span class='ocrx_word' id='word_1_73' title='bbox 501 1735 770 1830; x_wconf 90' lang='lat' dir='ltr'>philosophum,</span> <span class='ocrx_word' id='word_1_74' title='bbox 807 1734 945 1807; x_wconf 90' lang='lat' dir='ltr'>sublata</span> <span class='ocrx_word' id='word_1_75' title='bbox 979 1735 1221 1807; x_wconf 88' lang='lat' dir='ltr'>controversia</span> <span class='ocrx_word' id='word_1_76' title='bbox 1251 1744 1322 1807; x_wconf 87' lang='lat' dir='ltr'>cst:</span> <span class='ocrx_word' id='word_1_77' title='bbox 1365 1737 1420 1807; x_wconf 91' lang='lat' dir='ltr'>sin</span> <span class='ocrx_word' id='word_1_78' title='bbox 1462 1757 1536 1808; x_wconf 86' lang='lat' dir='ltr'>eos·</span> 
     </span>
     <span class='ocr_line' id='line_1_12' title="bbox 388 1842 1514 1942; baseline 0.001 -26"><span class='ocrx_word' id='word_1_79' title='bbox 388 1845 595 1939; x_wconf 85' lang='lat' dir='ltr'>diiungent,</span> <span class='ocrx_word' id='word_1_80' title='bbox 631 1842 697 1915; x_wconf 92' lang='lat' dir='ltr'>hoc</span> <span class='ocrx_word' id='word_1_81' title='bbox 726 1851 830 1922; x_wconf 90' lang='lat' dir='ltr'>erunt</span> <span class='ocrx_word' id='word_1_82' title='bbox 865 1844 1066 1929; x_wconf 85' lang='lat' dir='ltr'>inferiores,</span> <span class='ocrx_word' id='word_1_83' title='bbox 1101 1845 1197 1941; x_wconf 92' lang='lat' dir='ltr'>quod</span> <span class='ocrx_word' id='word_1_84' title='bbox 1220 1846 1256 1916; x_wconf 94' lang='lat' dir='ltr'>in</span> <span class='ocrx_word' id='word_1_85' title='bbox 1282 1852 1419 1917; x_wconf 89' lang='lat' dir='ltr'>oratore</span> <span class='ocrx_word' id='word_1_86' title='bbox 1440 1871 1514 1942; x_wconf 87' lang='lat' dir='ltr'>per·</span> 
     </span>
     <span class='ocr_line' id='line_1_13' title="bbox 387 1951 1514 2050; baseline 0.002 -25"><span class='ocrx_word' id='word_1_87' title='bbox 387 1955 478 2025; x_wconf 84' lang='lat' dir='ltr'>fecto</span> <span class='ocrx_word' id='word_1_88' title='bbox 510 1953 602 2024; x_wconf 89' lang='lat' dir='ltr'>inest</span> <span class='ocrx_word' id='word_1_89' title='bbox 639 1951 779 2025; x_wconf 90' lang='lat' dir='ltr'>illorum</span> <span class='ocrx_word' id='word_1_90' title='bbox 816 1953 931 2025; x_wconf 91' lang='lat' dir='ltr'>omnis</span> <span class='ocrx_word' id='word_1_91' title='bbox 966 1953 1131 2040; x_wconf 91' lang='lat' dir='ltr'>scientia,</span> <span class='ocrx_word' id='word_1_92' title='bbox 1162 1954 1200 2025; x_wconf 90' lang='lat' dir='ltr'>in</span> <span class='ocrx_word' id='word_1_93' title='bbox 1224 1953 1514 2050; x_wconf 88' lang='lat' dir='ltr'>philosophorum</span> 
     </span>
     <span class='ocr_line' id='line_1_14' title="bbox 385 2062 1514 2160; baseline 0 -26"><span class='ocrx_word' id='word_1_94' title='bbox 385 2070 503 2135; x_wconf 90' lang='lat' dir='ltr'>autem</span> <span class='ocrx_word' id='word_1_95' title='bbox 536 2062 738 2157; x_wconf 87' lang='lat' dir='ltr'>cognitione</span> <span class='ocrx_word' id='word_1_96' title='bbox 772 2086 844 2132; x_wconf 94' lang='lat' dir='ltr'>non</span> <span class='ocrx_word' id='word_1_97' title='bbox 869 2063 1038 2134; x_wconf 91' lang='lat' dir='ltr'>continuo</span> <span class='ocrx_word' id='word_1_98' title='bbox 1063 2063 1154 2134; x_wconf 88' lang='lat' dir='ltr'>inest</span> <span class='ocrx_word' id='word_1_99' title='bbox 1179 2063 1400 2157; x_wconf 86' lang='lat' dir='ltr'>eloquentia,</span> <span class='ocrx_word' id='word_1_100' title='bbox 1429 2089 1514 2160; x_wconf 87' lang='lat' dir='ltr'>quae</span> 
     </span>
     <span class='ocr_line' id='line_1_15' title="bbox 387 2170 1513 2268; baseline 0.002 -26"><span class='ocrx_word' id='word_1_101' title='bbox 387 2171 546 2268; x_wconf 91' lang='lat' dir='ltr'>quamvis</span> <span class='ocrx_word' id='word_1_102' title='bbox 580 2178 827 2243; x_wconf 85' lang='lat' dir='ltr'>contemnatur</span> <span class='ocrx_word' id='word_1_103' title='bbox 861 2170 905 2242; x_wconf 91' lang='lat' dir='ltr'>ab</span> <span class='ocrx_word' id='word_1_104' title='bbox 940 2171 1004 2256; x_wconf 89' lang='lat' dir='ltr'>iis,</span> <span class='ocrx_word' id='word_1_105' title='bbox 1040 2195 1180 2244; x_wconf 91' lang='lat' dir='ltr'>necesse</span> <span class='ocrx_word' id='word_1_106' title='bbox 1215 2180 1268 2244; x_wconf 91' lang='lat' dir='ltr'>est</span> <span class='ocrx_word' id='word_1_107' title='bbox 1301 2181 1424 2244; x_wconf 90' lang='lat' dir='ltr'>tamen</span> <span class='ocrx_word' id='word_1_108' title='bbox 1455 2173 1513 2244; x_wconf 88' lang='lat' dir='ltr'>ali-</span> 
     </span>
     <span class='ocr_line' id='line_1_16' title="bbox 385 2279 1514 2378; baseline 0 -26"><span class='ocrx_word' id='word_1_109' title='bbox 385 2306 492 2378; x_wconf 90' lang='lat' dir='ltr'>quem</span> <span class='ocrx_word' id='word_1_110' title='bbox 514 2281 696 2352; x_wconf 92' lang='lat' dir='ltr'>cumulum</span> <span class='ocrx_word' id='word_1_111' title='bbox 719 2279 860 2353; x_wconf 91' lang='lat' dir='ltr'>illorum</span> <span class='ocrx_word' id='word_1_112' title='bbox 886 2280 1020 2352; x_wconf 88' lang='lat' dir='ltr'>artibus</span> <span class='ocrx_word' id='word_1_113' title='bbox 1046 2281 1166 2352; x_wconf 88' lang='lat' dir='ltr'>afferre</span> <span class='ocrx_word' id='word_1_114' title='bbox 1192 2281 1365 2353; x_wconf 90' lang='lat' dir='ltr'>videatur.</span> <span class='ocrx_word' id='word_1_115' title='bbox 1420 2280 1514 2352; x_wconf 91' lang='lat' dir='ltr'>Haec</span> 
     </span>
     <span class='ocr_line' id='line_1_17' title="bbox 385 2388 1515 2486; baseline 0 -24"><span class='ocrx_word' id='word_1_116' title='bbox 385 2415 495 2486; x_wconf 87' lang='lat' dir='ltr'>quum</span> <span class='ocrx_word' id='word_1_117' title='bbox 522 2389 668 2462; x_wconf 86' lang='lat' dir='ltr'>Crassus</span> <span class='ocrx_word' id='word_1_118' title='bbox 692 2389 860 2475; x_wconf 81' lang='lat' dir='ltr'>dixisset,</span> <span class='ocrx_word' id='word_1_119' title='bbox 887 2388 1076 2486; x_wconf 89' lang='lat' dir='ltr'>parumper</span> <span class='ocrx_word' id='word_1_120' title='bbox 1101 2397 1134 2462; x_wconf 93' lang='lat' dir='ltr'>et</span> <span class='ocrx_word' id='word_1_121' title='bbox 1159 2390 1235 2486; x_wconf 90' lang='lat' dir='ltr'>ipse</span> <span class='ocrx_word' id='word_1_122' title='bbox 1262 2391 1455 2478; x_wconf 88' lang='lat' dir='ltr'>conticuit,</span> <span class='ocrx_word' id='word_1_123' title='bbox 1482 2401 1515 2462; x_wconf 92' lang='lat' dir='ltr'>et</span> 
     </span>
     <span class='ocr_line' id='line_1_18' title="bbox 384 2499 817 2573; baseline -0.005 -1"><span class='ocrx_word' id='word_1_124' title='bbox 384 2500 508 2573; x_wconf 89' lang='lat' dir='ltr'>ceteris</span> <span class='ocrx_word' id='word_1_125' title='bbox 532 2500 711 2571; x_wconf 88' lang='lat' dir='ltr'>silentium</span> <span class='ocrx_word' id='word_1_126' title='bbox 737 2499 817 2570; x_wconf 89' lang='lat' dir='ltr'>fuit.</span> 
     </span>
    </p>

    <p class='ocr_par' dir='ltr' id='par_1_4' title="bbox 312 2608 1513 2706">
     <span class='ocr_line' id='line_1_19' title="bbox 312 2608 1513 2706; baseline 0.002 -28"><span class='ocrx_word' id='word_1_127' title='bbox 312 2628 358 2696; x_wconf 74' lang='grc'>36</span> <span class='ocrx_word' id='word_1_128' title='bbox 434 2609 525 2679; x_wconf 78' lang='lat' dir='ltr'>&#39;lum</span> <span class='ocrx_word' id='word_1_129' title='bbox 551 2609 676 2694; x_wconf 86' lang='lat' dir='ltr'>Cotta,</span> <span class='ocrx_word' id='word_1_130' title='bbox 702 2608 900 2703; x_wconf 82' lang='lat' dir='ltr'>Equidem,</span> <span class='ocrx_word' id='word_1_131' title='bbox 935 2608 1072 2703; x_wconf 90' lang='lat' dir='ltr'>inquit,</span> <span class='ocrx_word' id='word_1_132' title='bbox 1100 2609 1245 2694; x_wconf 85' lang='lat' dir='ltr'>Crasse,</span> <span class='ocrx_word' id='word_1_133' title='bbox 1272 2633 1344 2681; x_wconf 94' lang='lat' dir='ltr'>non</span> <span class='ocrx_word' id='word_1_134' title='bbox 1371 2634 1513 2706; x_wconf 91' lang='lat' dir='ltr'>possum</span> 
     </span>
    </p>

    <p class='ocr_par' dir='ltr' id='par_1_5' title="bbox 311 2717 1512 3361">
     <span class='ocr_line' id='line_1_20' title="bbox 311 2717 1512 2815; baseline 0.001 -24"><span class='ocrx_word' id='word_1_135' title='bbox 311 2756 360 2802; x_wconf 75' lang='lat'>144</span> <span class='ocrx_word' id='word_1_136' title='bbox 384 2718 504 2815; x_wconf 89' lang='lat' dir='ltr'>queri,</span> <span class='ocrx_word' id='word_1_137' title='bbox 543 2718 638 2814; x_wconf 91' lang='lat' dir='ltr'>quod</span> <span class='ocrx_word' id='word_1_138' title='bbox 671 2717 760 2790; x_wconf 91' lang='lat' dir='ltr'>mihi</span> <span class='ocrx_word' id='word_1_139' title='bbox 797 2717 935 2790; x_wconf 89' lang='lat' dir='ltr'>videare</span> <span class='ocrx_word' id='word_1_140' title='bbox 961 2717 1059 2789; x_wconf 89' lang='lat' dir='ltr'>aliud</span> <span class='ocrx_word' id='word_1_141' title='bbox 1083 2717 1272 2815; x_wconf 92' lang='lat' dir='ltr'>quiddam,</span> <span class='ocrx_word' id='word_1_142' title='bbox 1299 2726 1335 2791; x_wconf 93' lang='lat' dir='ltr'>et</span> <span class='ocrx_word' id='word_1_143' title='bbox 1360 2743 1434 2792; x_wconf 92' lang='lat' dir='ltr'>non</span> <span class='ocrx_word' id='word_1_144' title='bbox 1457 2719 1512 2805; x_wconf 91' lang='lat' dir='ltr'>id,</span> 
     </span>
     <span class='ocr_line' id='line_1_21' title="bbox 383 2827 1511 2924; baseline 0 -25"><span class='ocrx_word' id='word_1_145' title='bbox 383 2828 480 2923; x_wconf 93' lang='lat' dir='ltr'>qnod</span> <span class='ocrx_word' id='word_1_146' title='bbox 516 2828 730 2924; x_wconf 88' lang='lat' dir='ltr'>susceperis,</span> <span class='ocrx_word' id='word_1_147' title='bbox 769 2827 986 2923; x_wconf 89' lang='lat' dir='ltr'>disputasse:</span> <span class='ocrx_word' id='word_1_148' title='bbox 1027 2827 1107 2924; x_wconf 90' lang='lat' dir='ltr'>plus</span> <span class='ocrx_word' id='word_1_149' title='bbox 1136 2828 1229 2899; x_wconf 92' lang='lat' dir='ltr'>enim</span> <span class='ocrx_word' id='word_1_150' title='bbox 1256 2828 1440 2923; x_wconf 85' lang='lat' dir='ltr'>aliquanto</span> <span class='ocrx_word' id='word_1_151' title='bbox 1463 2838 1511 2899; x_wconf 87' lang='lat' dir='ltr'>at-</span> 
     </span>
     <span class='ocr_line' id='line_1_22' title="bbox 383 2936 1511 3033; baseline 0 -24"><span class='ocrx_word' id='word_1_152' title='bbox 383 2938 516 3023; x_wconf 88' lang='lat' dir='ltr'>tulisti,</span> <span class='ocrx_word' id='word_1_153' title='bbox 552 2963 657 3033; x_wconf 91' lang='lat' dir='ltr'>quam</span> <span class='ocrx_word' id='word_1_154' title='bbox 695 2936 760 3009; x_wconf 90' lang='lat' dir='ltr'>tibi</span> <span class='ocrx_word' id='word_1_155' title='bbox 796 2945 870 3009; x_wconf 90' lang='lat' dir='ltr'>erat</span> <span class='ocrx_word' id='word_1_156' title='bbox 905 2936 1077 3009; x_wconf 87' lang='lat' dir='ltr'>tributum</span> <span class='ocrx_word' id='word_1_157' title='bbox 1108 2962 1128 3008; x_wconf 87' lang='lat' dir='ltr'>a</span> <span class='ocrx_word' id='word_1_158' title='bbox 1155 2937 1257 3009; x_wconf 92' lang='lat' dir='ltr'>nobis</span> <span class='ocrx_word' id='word_1_159' title='bbox 1283 2962 1323 3009; x_wconf 88' lang='lat' dir='ltr'>ac</span> <span class='ocrx_word' id='word_1_160' title='bbox 1347 2938 1511 3009; x_wconf 90' lang='lat' dir='ltr'>denunti·</span> 
     </span>
     <span class='ocr_line' id='line_1_23' title="bbox 383 3046 1509 3142; baseline 0 -24"><span class='ocrx_word' id='word_1_161' title='bbox 383 3055 490 3119; x_wconf 89' lang='lat' dir='ltr'>atum.</span> <span class='ocrx_word' id='word_1_162' title='bbox 555 3047 624 3118; x_wconf 86' lang='lat' dir='ltr'>Sed</span> <span class='ocrx_word' id='word_1_163' title='bbox 658 3053 752 3118; x_wconf 88' lang='lat' dir='ltr'>certe</span> <span class='ocrx_word' id='word_1_164' title='bbox 781 3053 815 3117; x_wconf 93' lang='lat' dir='ltr'>et</span> <span class='ocrx_word' id='word_1_165' title='bbox 837 3046 903 3119; x_wconf 89' lang='lat' dir='ltr'>hae</span> <span class='ocrx_word' id='word_1_166' title='bbox 925 3055 1042 3142; x_wconf 88' lang='lat' dir='ltr'>partes</span> <span class='ocrx_word' id='word_1_167' title='bbox 1066 3046 1209 3119; x_wconf 85' lang='lat' dir='ltr'>fuerunt</span> <span class='ocrx_word' id='word_1_168' title='bbox 1232 3055 1334 3132; x_wconf 90' lang='lat' dir='ltr'>tuae,</span> <span class='ocrx_word' id='word_1_169' title='bbox 1363 3048 1409 3119; x_wconf 92' lang='lat' dir='ltr'>de</span> <span class='ocrx_word' id='word_1_170' title='bbox 1432 3047 1509 3119; x_wconf 94' lang='lat' dir='ltr'>illu-</span> 
     </span>
     <span class='ocr_line' id='line_1_24' title="bbox 384 3156 1510 3253; baseline 0.001 -26"><span class='ocrx_word' id='word_1_171' title='bbox 384 3156 527 3228; x_wconf 91' lang='lat' dir='ltr'>stranda</span> <span class='ocrx_word' id='word_1_172' title='bbox 549 3156 704 3227; x_wconf 88' lang='lat' dir='ltr'>oratione</span> <span class='ocrx_word' id='word_1_173' title='bbox 727 3163 767 3227; x_wconf 90' lang='lat' dir='ltr'>ut</span> <span class='ocrx_word' id='word_1_174' title='bbox 793 3156 946 3241; x_wconf 88' lang='lat' dir='ltr'>diceres,</span> <span class='ocrx_word' id='word_1_175' title='bbox 974 3164 1008 3227; x_wconf 89' lang='lat' dir='ltr'>et</span> <span class='ocrx_word' id='word_1_176' title='bbox 1034 3180 1108 3228; x_wconf 87' lang='lat' dir='ltr'>eras</span> <span class='ocrx_word' id='word_1_177' title='bbox 1131 3157 1206 3253; x_wconf 92' lang='lat' dir='ltr'>ipse</span> <span class='ocrx_word' id='word_1_178' title='bbox 1224 3158 1293 3228; x_wconf 88' lang='lat' dir='ltr'>iam</span> <span class='ocrx_word' id='word_1_179' title='bbox 1310 3157 1510 3252; x_wconf 85' lang='lat' dir='ltr'>ingressus,</span> 
     </span>
     <span class='ocr_line' id='line_1_25' title="bbox 384 3265 1509 3361; baseline -0.001 -24"><span class='ocrx_word' id='word_1_180' title='bbox 384 3274 490 3361; x_wconf 89' lang='lat' dir='ltr'>atque</span> <span class='ocrx_word' id='word_1_181' title='bbox 524 3265 560 3336; x_wconf 92' lang='lat' dir='ltr'>in</span> <span class='ocrx_word' id='word_1_182' title='bbox 599 3273 749 3359; x_wconf 89' lang='lat' dir='ltr'>quatuor</span> <span class='ocrx_word' id='word_1_183' title='bbox 785 3273 902 3361; x_wconf 85' lang='lat' dir='ltr'>partes</span> <span class='ocrx_word' id='word_1_184' title='bbox 926 3290 1066 3337; x_wconf 92' lang='lat' dir='ltr'>omnem</span> <span class='ocrx_word' id='word_1_185' title='bbox 1091 3266 1256 3339; x_wconf 89' lang='lat' dir='ltr'>orationis</span> <span class='ocrx_word' id='word_1_186' title='bbox 1282 3266 1424 3338; x_wconf 90' lang='lat' dir='ltr'>laudem</span> <span class='ocrx_word' id='word_1_187' title='bbox 1451 3266 1509 3337; x_wconf 92' lang='lat' dir='ltr'>de·</span> 
     </span>
    </p>
   </div>
   <div class='ocr_carea' id='block_1_3' title="bbox 382 3580 1612 4662">
    <p class='ocr_par' dir='ltr' id='par_1_6' title="bbox 382 3580 1612 3811">
     <span class='ocr_line' id='line_1_26' title="bbox 417 3580 1509 3645; baseline 0.002 -14"><span class='ocrx_word' id='word_1_188' title='bbox 417 3584 448 3633; x_wconf 79' lang='lat' dir='ltr'>de</span> <span class='ocrx_word' id='word_1_189' title='bbox 467 3583 590 3632; x_wconf 71' lang='lat' dir='ltr'>Philocte!</span> <span class='ocrx_word' id='word_1_190' title='bbox 608 3617 614 3630; x_wconf 90' lang='lat'><strong>.</strong></span> <span class='ocrx_word' id='word_1_191' title='bbox 657 3581 731 3640; x_wconf 84' lang='lat' dir='ltr'>Quod</span> <span class='ocrx_word' id='word_1_192' title='bbox 751 3582 921 3638; x_wconf 70' lang='lat' dir='ltr'>coniecerim,</span> <span class='ocrx_word' id='word_1_193' title='bbox 971 3580 1035 3631; x_wconf 91' lang='lat' dir='ltr'>bene</span> <span class='ocrx_word' id='word_1_194' title='bbox 1050 3582 1196 3641; x_wconf 85' lang='lat' dir='ltr'>Pideritius,</span> <span class='ocrx_word' id='word_1_195' title='bbox 1211 3588 1239 3631; x_wconf 92' lang='lat' dir='ltr'>ut</span> <span class='ocrx_word' id='word_1_196' title='bbox 1252 3584 1305 3645; x_wconf 88' lang='lat' dir='ltr'>ipse</span> <span class='ocrx_word' id='word_1_197' title='bbox 1320 3585 1509 3633; x_wconf 86' lang='lat' dir='ltr'>commendave-</span> 
     </span>
     <span class='ocr_line' id='line_1_27' title="bbox 382 3659 1510 3725; baseline -0.001 -14"><span class='ocrx_word' id='word_1_198' title='bbox 382 3665 494 3712; x_wconf 86' lang='lat' dir='ltr'>firmatnr</span> <span class='ocrx_word' id='word_1_199' title='bbox 513 3662 690 3710; x_wconf 87' lang='lat' dir='ltr'>nonnullorum</span> <span class='ocrx_word' id='word_1_200' title='bbox 704 3659 825 3709; x_wconf 86' lang='lat' dir='ltr'>librorum</span> <span class='ocrx_word' id='word_1_201' title='bbox 836 3666 922 3710; x_wconf 84' lang='lat' dir='ltr'>aucto·</span> <span class='ocrx_word' id='word_1_202' title='bbox 970 3672 1039 3719; x_wconf 87' lang='lat' dir='ltr'>ram,</span> <span class='ocrx_word' id='word_1_203' title='bbox 1060 3661 1086 3709; x_wconf 91' lang='lat' dir='ltr'>in</span> <span class='ocrx_word' id='word_1_204' title='bbox 1104 3662 1141 3709; x_wconf 90' lang='lat' dir='ltr'>his</span> <span class='ocrx_word' id='word_1_205' title='bbox 1155 3662 1181 3709; x_wconf 82' lang='lat' dir='ltr'>et</span> <span class='ocrx_word' id='word_1_206' title='bbox 1195 3662 1270 3710; x_wconf 84' lang='lat' dir='ltr'>edidit</span> <span class='ocrx_word' id='word_1_207' title='bbox 1284 3676 1330 3723; x_wconf 87' lang='lat' dir='ltr'>pro</span> <span class='ocrx_word' id='word_1_208' title='bbox 1345 3664 1416 3725; x_wconf 83' lang='lat' dir='ltr'>vulg.</span> <span class='ocrx_word' id='word_1_209' title='bbox 1429 3664 1471 3720; x_wconf 85' lang='lat' dir='ltr'>at,</span> <span class='ocrx_word' id='word_1_210' title='bbox 1487 3670 1510 3711; x_wconf 87' lang='lat' dir='ltr'>et</span> 
     </span>
     <span class='ocr_line' id='line_1_28' title="bbox 382 3739 1612 3811; baseline 0.001 -23"><span class='ocrx_word' id='word_1_211' title='bbox 382 3742 462 3790; x_wconf 82' lang='lat' dir='ltr'>ritate.</span> <span class='ocrx_word' id='word_1_212' title='bbox 497 3741 572 3802; x_wconf 80' lang='lat' dir='ltr'>Vulg.</span> <span class='ocrx_word' id='word_1_213' title='bbox 587 3740 747 3787; x_wconf 75' lang='lat' dir='ltr'>Philoctetae.</span> <span class='ocrx_word' id='word_1_214' title='bbox 971 3753 1037 3797; x_wconf 85' lang='lat' dir='ltr'>mox,</span> <span class='ocrx_word' id='word_1_215' title='bbox 1045 3739 1270 3796; x_wconf 87' lang='lat' dir='ltr'>incontinuatione,</span> <span class='ocrx_word' id='word_1_216' title='bbox 1284 3742 1509 3802; x_wconf 80' lang='lat' dir='ltr'>qaamqaededaa·</span> <span class='ocrx_word' id='word_1_217' title='bbox 1611 3802 1612 3811; x_wconf 11' lang='grc' dir='ltr'>ἵ</span> 
     </span>
    </p>

    <p class='ocr_par' dir='ltr' id='par_1_7' title="bbox 383 3818 1508 4036">
     <span class='ocr_line' id='line_1_29' title="bbox 419 3818 1191 3879; baseline -0.003 -12"><span class='ocrx_word' id='word_1_218' title='bbox 419 3821 474 3867; x_wconf 85' lang='grc'>143.</span> <span class='ocrx_word' id='word_1_219' title='bbox 492 3820 517 3866; x_wconf 83' lang='lat' dir='ltr'>et</span> <span class='ocrx_word' id='word_1_220' title='bbox 535 3820 624 3866; x_wconf 73' lang='lat' dir='ltr'>cetera</span> <span class='ocrx_word' id='word_1_221' title='bbox 635 3818 838 3877; x_wconf 76' lang='lat' dir='ltr'>silentiamsaii.</span> <span class='ocrx_word' id='word_1_222' title='bbox 873 3819 922 3865; x_wconf 88' lang='lat' dir='ltr'>Re·</span> <span class='ocrx_word' id='word_1_223' title='bbox 971 3820 1027 3877; x_wconf 78' lang='lat' dir='ltr'>aaa,</span> <span class='ocrx_word' id='word_1_224' title='bbox 1045 3833 1191 3879; x_wconf 80' lang='lat' dir='ltr'>proquam.</span> 
     </span>
     <span class='ocr_line' id='line_1_30' title="bbox 384 3896 1508 3958; baseline 0 -13"><span class='ocrx_word' id='word_1_225' title='bbox 384 3896 447 3958; x_wconf 85' lang='lat' dir='ltr'>quiri</span> <span class='ocrx_word' id='word_1_226' title='bbox 461 3902 535 3957; x_wconf 88' lang='lat' dir='ltr'>puto,</span> <span class='ocrx_word' id='word_1_227' title='bbox 550 3900 575 3944; x_wconf 83' lang='lat' dir='ltr'>et</span> <span class='ocrx_word' id='word_1_228' title='bbox 589 3912 605 3942; x_wconf 89' lang='lat' dir='ltr'>a</span> <span class='ocrx_word' id='word_1_229' title='bbox 618 3896 708 3943; x_wconf 82' lang='lat' dir='ltr'>ceteris</span> <span class='ocrx_word' id='word_1_230' title='bbox 721 3922 766 3953; x_wconf 91' lang='lat'>—-,</span> <span class='ocrx_word' id='word_1_231' title='bbox 781 3901 809 3943; x_wconf 90' lang='lat' dir='ltr'>ut</span> <span class='ocrx_word' id='word_1_232' title='bbox 821 3897 921 3957; x_wconf 88' lang='lat' dir='ltr'>plurimi</span> <span class='ocrx_word' id='word_1_233' title='bbox 1007 3898 1061 3943; x_wconf 79' lang='lat'>145.</span> <span class='ocrx_word' id='word_1_234' title='bbox 1080 3896 1107 3943; x_wconf 82' lang='lat' dir='ltr'>ia</span> <span class='ocrx_word' id='word_1_235' title='bbox 1120 3910 1169 3956; x_wconf 81' lang='lat' dir='ltr'>qua</span> <span class='ocrx_word' id='word_1_236' title='bbox 1182 3896 1253 3943; x_wconf 83' lang='lat' dir='ltr'>aelim</span> <span class='ocrx_word' id='word_1_237' title='bbox 1266 3897 1301 3943; x_wconf 83' lang='lat' dir='ltr'>ait</span> <span class='ocrx_word' id='word_1_238' title='bbox 1315 3898 1380 3945; x_wconf 83' lang='lat' dir='ltr'>illud</span> <span class='ocrx_word' id='word_1_239' title='bbox 1389 3925 1427 3944; x_wconf 94' lang='lat'>—-.</span> <span class='ocrx_word' id='word_1_240' title='bbox 1447 3900 1508 3945; x_wconf 89' lang='lat' dir='ltr'>lun·</span> 
     </span>
     <span class='ocr_line' id='line_1_31' title="bbox 383 3974 1508 4036; baseline -0.001 -14"><span class='ocrx_word' id='word_1_241' title='bbox 383 3975 450 4023; x_wconf 83' lang='lat' dir='ltr'>libri.</span> <span class='ocrx_word' id='word_1_242' title='bbox 970 3974 1051 4036; x_wconf 83' lang='lat' dir='ltr'>ganda</span> <span class='ocrx_word' id='word_1_243' title='bbox 1069 3975 1166 4021; x_wconf 83' lang='lat' dir='ltr'>suntin</span> <span class='ocrx_word' id='word_1_244' title='bbox 1180 3988 1227 4035; x_wconf 80' lang='lat' dir='ltr'>qua</span> <span class='ocrx_word' id='word_1_245' title='bbox 1241 3977 1349 4022; x_wconf 80' lang='lat' dir='ltr'>aetatem</span> <span class='ocrx_word' id='word_1_246' title='bbox 1356 3990 1508 4023; x_wconf 79' lang='lat' dir='ltr'>aaruamere:</span> 
     </span>
    </p>

    <p class='ocr_par' dir='ltr' id='par_1_8' title="bbox 382 4051 1611 4337">
     <span class='ocr_line' id='line_1_32' title="bbox 419 4051 1509 4110; baseline 0.001 -10"><span class='ocrx_word' id='word_1_247' title='bbox 419 4056 474 4100; x_wconf 74' lang='lat'>144.</span> <span class='ocrx_word' id='word_1_248' title='bbox 492 4067 522 4099; x_wconf 82' lang='lat' dir='ltr'>ac</span> <span class='ocrx_word' id='word_1_249' title='bbox 535 4052 715 4100; x_wconf 77' lang='lat' dir='ltr'>denuntiatam.</span> <span class='ocrx_word' id='word_1_250' title='bbox 742 4052 919 4101; x_wconf 77' lang='lat' dir='ltr'>Benehocde·</span> <span class='ocrx_word' id='word_1_251' title='bbox 971 4057 996 4099; x_wconf 89' lang='lat' dir='ltr'>et</span> <span class='ocrx_word' id='word_1_252' title='bbox 1016 4052 1166 4100; x_wconf 86' lang='lat' dir='ltr'>constructio</span> <span class='ocrx_word' id='word_1_253' title='bbox 1185 4051 1248 4099; x_wconf 83' lang='lat' dir='ltr'>llaec</span> <span class='ocrx_word' id='word_1_254' title='bbox 1269 4058 1321 4110; x_wconf 89' lang='lat' dir='ltr'>est,</span> <span class='ocrx_word' id='word_1_255' title='bbox 1337 4054 1405 4101; x_wconf 82' lang='lat' dir='ltr'>aelim</span> <span class='ocrx_word' id='word_1_256' title='bbox 1416 4056 1445 4099; x_wconf 80' lang='lat' dir='ltr'>at</span> <span class='ocrx_word' id='word_1_257' title='bbox 1460 4068 1509 4101; x_wconf 78' lang='lat' dir='ltr'>nou</span> 
     </span>
     <span class='ocr_line' id='line_1_33' title="bbox 382 4129 1611 4193; baseline -0.002 -13"><span class='ocrx_word' id='word_1_258' title='bbox 382 4132 493 4180; x_wconf 77' lang='lat' dir='ltr'>tenditur</span> <span class='ocrx_word' id='word_1_259' title='bbox 513 4130 672 4187; x_wconf 87' lang='lat' dir='ltr'>aPideritio,</span> <span class='ocrx_word' id='word_1_260' title='bbox 690 4145 766 4190; x_wconf 90' lang='lat' dir='ltr'>quum</span> <span class='ocrx_word' id='word_1_261' title='bbox 781 4131 921 4179; x_wconf 86' lang='lat' dir='ltr'>Ellendtius</span> <span class='ocrx_word' id='word_1_262' title='bbox 970 4144 1071 4179; x_wconf 88' lang='lat' dir='ltr'>necesse</span> <span class='ocrx_word' id='word_1_263' title='bbox 1084 4131 1115 4179; x_wconf 84' lang='lat' dir='ltr'>sit</span> <span class='ocrx_word' id='word_1_264' title='bbox 1128 4129 1191 4193; x_wconf 87' lang='lat' dir='ltr'>(non</span> <span class='ocrx_word' id='word_1_265' title='bbox 1207 4144 1308 4178; x_wconf 86' lang='lat' dir='ltr'>necesse</span> <span class='ocrx_word' id='word_1_266' title='bbox 1323 4130 1508 4191; x_wconf 78' lang='lat' dir='ltr'>esselaetatem</span> <span class='ocrx_word' id='word_1_267' title='bbox 1610 4180 1611 4183; x_wconf 64' lang='grc'>,</span> 
     </span>
     <span class='ocr_line' id='line_1_34' title="bbox 384 4207 1507 4269; baseline -0.003 -10"><span class='ocrx_word' id='word_1_268' title='bbox 384 4210 480 4259; x_wconf 87' lang='lat' dir='ltr'>uncinis</span> <span class='ocrx_word' id='word_1_269' title='bbox 500 4208 651 4256; x_wconf 81' lang='lat' dir='ltr'>inclusisset:</span> <span class='ocrx_word' id='word_1_270' title='bbox 671 4223 751 4269; x_wconf 90' lang='lat' dir='ltr'>neque</span> <span class='ocrx_word' id='word_1_271' title='bbox 765 4209 847 4256; x_wconf 87' lang='lat' dir='ltr'>claudi</span> <span class='ocrx_word' id='word_1_272' title='bbox 861 4210 921 4257; x_wconf 89' lang='lat' dir='ltr'>lice-</span> <span class='ocrx_word' id='word_1_273' title='bbox 970 4222 1110 4257; x_wconf 81' lang='lat' dir='ltr'>consumere</span> <span class='ocrx_word' id='word_1_274' title='bbox 1129 4210 1156 4255; x_wconf 83' lang='lat' dir='ltr'>in</span> <span class='ocrx_word' id='word_1_275' title='bbox 1169 4207 1312 4257; x_wconf 79' lang='lat' dir='ltr'>Academia.</span> <span class='ocrx_word' id='word_1_276' title='bbox 1347 4209 1454 4257; x_wconf 90' lang='lat' dir='ltr'>Similem</span> <span class='ocrx_word' id='word_1_277' title='bbox 1469 4211 1507 4257; x_wconf 89' lang='lat' dir='ltr'>di-</span> 
     </span>
     <span class='ocr_line' id='line_1_35' title="bbox 382 4285 1507 4337; baseline 0 -2"><span class='ocrx_word' id='word_1_278' title='bbox 382 4288 426 4337; x_wconf 89' lang='lat' dir='ltr'>bat</span> <span class='ocrx_word' id='word_1_279' title='bbox 442 4287 588 4336; x_wconf 86' lang='lat' dir='ltr'>sententiam</span> <span class='ocrx_word' id='word_1_280' title='bbox 601 4285 684 4335; x_wconf 87' lang='lat' dir='ltr'>verbis</span> <span class='ocrx_word' id='word_1_281' title='bbox 698 4302 713 4333; x_wconf 93' lang='lat' dir='ltr'>a</span> <span class='ocrx_word' id='word_1_282' title='bbox 727 4289 802 4335; x_wconf 74' lang='lat' dir='ltr'>nebia</span> <span class='ocrx_word' id='word_1_283' title='bbox 970 4291 1085 4335; x_wconf 73' lang='lat' dir='ltr'>attactam</span> <span class='ocrx_word' id='word_1_284' title='bbox 1100 4288 1309 4335; x_wconf 86' lang='lat' dir='ltr'>constructionem</span> <span class='ocrx_word' id='word_1_285' title='bbox 1324 4287 1507 4337; x_wconf 88' lang='lat' dir='ltr'>notabimusin-</span> 
     </span>
    </p>

    <p class='ocr_par' dir='ltr' id='par_1_9' title="bbox 383 4365 1508 4583">
     <span class='ocr_line' id='line_1_36' title="bbox 417 4365 1506 4429; baseline -0.001 -15"><span class='ocrx_word' id='word_1_286' title='bbox 417 4365 461 4414; x_wconf 80' lang='lat' dir='ltr'>tibi</span> <span class='ocrx_word' id='word_1_287' title='bbox 480 4368 536 4414; x_wconf 82' lang='lat' dir='ltr'>arat</span> <span class='ocrx_word' id='word_1_288' title='bbox 556 4366 686 4413; x_wconf 80' lang='lat' dir='ltr'>tributum.</span> <span class='ocrx_word' id='word_1_289' title='bbox 720 4366 796 4427; x_wconf 82' lang='lat' dir='ltr'>Vulg.</span> <span class='ocrx_word' id='word_1_290' title='bbox 812 4366 919 4413; x_wconf 80' lang='lat' dir='ltr'>attrita·</span> <span class='ocrx_word' id='word_1_291' title='bbox 969 4365 1023 4422; x_wconf 83' lang='lat' dir='ltr'>fra,</span> <span class='ocrx_word' id='word_1_292' title='bbox 1039 4369 1051 4422; x_wconf 71' lang='grc' dir='ltr'><strong>ξ</strong></span> <span class='ocrx_word' id='word_1_293' title='bbox 1067 4366 1129 4413; x_wconf 81' lang='lat'>209.-</span> <span class='ocrx_word' id='word_1_294' title='bbox 1148 4365 1306 4425; x_wconf 86' lang='lat' dir='ltr'>eiusdemque</span> <span class='ocrx_word' id='word_1_295' title='bbox 1321 4366 1506 4429; x_wconf 84' lang='lat' dir='ltr'>generisestid,</span> 
     </span>
     <span class='ocr_line' id='line_1_37' title="bbox 384 4442 1508 4505; baseline -0.003 -13"><span class='ocrx_word' id='word_1_296' title='bbox 384 4449 444 4493; x_wconf 83' lang='lat' dir='ltr'>ium.</span> <span class='ocrx_word' id='word_1_297' title='bbox 486 4443 579 4492; x_wconf 87' lang='lat' dir='ltr'>Sustuli</span> <span class='ocrx_word' id='word_1_298' title='bbox 599 4442 719 4504; x_wconf 83' lang='lat' dir='ltr'>syllabam</span> <span class='ocrx_word' id='word_1_299' title='bbox 739 4456 869 4504; x_wconf 88' lang='lat' dir='ltr'>perperam</span> <span class='ocrx_word' id='word_1_300' title='bbox 890 4458 921 4491; x_wconf 86' lang='lat' dir='ltr'>ex</span> <span class='ocrx_word' id='word_1_301' title='bbox 970 4443 1037 4503; x_wconf 87' lang='lat' dir='ltr'>quod</span> <span class='ocrx_word' id='word_1_302' title='bbox 1072 4444 1106 4491; x_wconf 94' lang='lat' dir='ltr'>ll.</span> <span class='ocrx_word' id='word_1_303' title='bbox 1142 4448 1154 4502; x_wconf 65' lang='grc' dir='ltr'><strong>ξ</strong></span> <span class='ocrx_word' id='word_1_304' title='bbox 1179 4446 1210 4491; x_wconf 87' lang='grc'>38</span> <span class='ocrx_word' id='word_1_305' title='bbox 1232 4444 1336 4505; x_wconf 80' lang='lat' dir='ltr'>legitur,</span> <span class='ocrx_word' id='word_1_306' title='bbox 1358 4446 1384 4493; x_wconf 79' lang='lat' dir='ltr'>tn</span> <span class='ocrx_word' id='word_1_307' title='bbox 1404 4458 1452 4505; x_wconf 81' lang='lat' dir='ltr'>qaa</span> <span class='ocrx_word' id='word_1_308' title='bbox 1474 4472 1508 4479; x_wconf 93' lang='lat'>—</span> 
     </span>
     <span class='ocr_line' id='line_1_38' title="bbox 383 4521 1508 4583; baseline -0.003 -12"><span class='ocrx_word' id='word_1_309' title='bbox 383 4524 496 4571; x_wconf 88' lang='lat' dir='ltr'>anteced.</span> <span class='ocrx_word' id='word_1_310' title='bbox 513 4522 634 4570; x_wconf 86' lang='lat' dir='ltr'>iteratam.</span> <span class='ocrx_word' id='word_1_311' title='bbox 969 4522 1042 4568; x_wconf 84' lang='lat' dir='ltr'>mulii</span> <span class='ocrx_word' id='word_1_312' title='bbox 1068 4548 1102 4557; x_wconf 92' lang='lat'><em>-</em></span> <span class='ocrx_word' id='word_1_313' title='bbox 1133 4521 1230 4583; x_wconf 84' lang='lat' dir='ltr'>aliquid</span> <span class='ocrx_word' id='word_1_314' title='bbox 1256 4525 1444 4583; x_wconf 79' lang='lat' dir='ltr'>consequantur.</span> <span class='ocrx_word' id='word_1_315' title='bbox 1473 4550 1508 4560; x_wconf 92' lang='lat'>—-</span> 
     </span>
    </p>

    <p class='ocr_par' dir='ltr' id='par_1_10' title="bbox 415 4600 1506 4662">
     <span class='ocr_line' id='line_1_39' title="bbox 415 4600 1506 4662; baseline 0.003 -16"><span class='ocrx_word' id='word_1_316' title='bbox 415 4603 460 4647; x_wconf 81' lang='lat' dir='ltr'>aed</span> <span class='ocrx_word' id='word_1_317' title='bbox 476 4603 543 4649; x_wconf 78' lang='lat' dir='ltr'>certe</span> <span class='ocrx_word' id='word_1_318' title='bbox 556 4604 581 4647; x_wconf 85' lang='lat' dir='ltr'>et</span> <span class='ocrx_word' id='word_1_319' title='bbox 594 4600 639 4647; x_wconf 78' lang='lat' dir='ltr'>tae</span> <span class='ocrx_word' id='word_1_320' title='bbox 647 4602 737 4660; x_wconf 81' lang='lat' dir='ltr'>parter</span> <span class='ocrx_word' id='word_1_321' title='bbox 750 4626 790 4646; x_wconf 86' lang='lat'>-.</span> <span class='ocrx_word' id='word_1_322' title='bbox 826 4602 936 4647; x_wconf 87' lang='lat' dir='ltr'>lterum·</span> <span class='ocrx_word' id='word_1_323' title='bbox 970 4600 1046 4648; x_wconf 78' lang='lat' dir='ltr'>Modo</span> <span class='ocrx_word' id='word_1_324' title='bbox 1060 4606 1116 4648; x_wconf 88' lang='lat' dir='ltr'>ante</span> <span class='ocrx_word' id='word_1_325' title='bbox 1131 4600 1264 4662; x_wconf 83' lang='lat' dir='ltr'>legendum</span> <span class='ocrx_word' id='word_1_326' title='bbox 1277 4606 1345 4661; x_wconf 86' lang='lat' dir='ltr'>puto,</span> <span class='ocrx_word' id='word_1_327' title='bbox 1359 4603 1506 4661; x_wconf 70' lang='lat' dir='ltr'>nequeenim</span> 
     </span>
    </p>
   </div>
   <div class='ocr_carea' id='block_1_4' title="bbox 0 0 1626 5500">
    <p class='ocr_par' dir='ltr' id='par_1_11' title="bbox 0 0 1626 5500">
     <span class='ocr_line' id='line_1_40' title="bbox 0 0 1626 5500; baseline 0 3"><span class='ocrx_word' id='word_1_328' title='bbox 0 0 1626 5500; x_wconf 95' lang='lat' dir='ltr'> </span> 
     </span>
    </p>
   </div>
  </div>
 </body>
</html>
