3242 5500
397 592 467 660 114
741 606 855 655 raanan
882 606 1020 654 narnus
1047 585 1065 667 ὃ
1091 584 1172 654 257.

395 807 516 868 causa,
555 779 746 875 disputatio
779 801 850 849 non
883 776 1067 848 mediocris
1100 773 1333 847 contentionis
1366 768 1437 858 est,
1460 773 1505 844 vel

395 892 441 963 ad
466 891 686 975 memoriam,
712 888 767 959 vel
791 888 837 959 ad
861 885 1082 959 imitandum.

323 1008 366 1075 61
444 1000 540 1072 Illud
565 988 645 1071 vero
669 999 737 1070 luit
760 996 947 1081 horribile,
973 994 1069 1089 quod
1093 992 1291 1064 mehercule
1314 1015 1447 1078 vereor,
1468 1015 1506 1062 ne

323 1134 370 1180 aas
395 1109 561 1181 maiorem
594 1108 665 1180 vim
698 1107 743 1179 ad
775 1105 1026 1178 deterrendum
1051 1102 1233 1187 hahuerit,
1263 1126 1370 1197 quam
1394 1102 1438 1172 ad
1458 1126 1504 1173 co·

396 1218 626 1290 hortandum:
653 1216 795 1288 voluisti
830 1214 986 1285 enimin
1012 1236 1075 1283 suo
1092 1234 1219 1305 genere
1231 1234 1507 1305 unumquemque

395 1335 555 1399 nostrum
580 1326 681 1422 quasi
705 1323 882 1420 quendam
907 1347 982 1394 esse
1004 1320 1192 1404 Roscium,
1214 1318 1423 1413 dixistique,
1446 1341 1505 1389 non

396 1443 469 1507 tam
487 1460 546 1521 ea,
569 1459 658 1529 quae
679 1441 774 1505 recta
799 1438 936 1516 essent,
963 1428 1123 1527 probari,
1153 1452 1279 1524 quam,
1304 1451 1396 1523 quae
1416 1450 1506 1522 prava

400 1538 540 1639 [sunt]‚
566 1542 716 1615 fastidiis
741 1541 1004 1613 adhaerescere:
1031 1536 1372 1634 quodegonontam
1385 1534 1505 1607 fastidi·

324 1670 370 1715 259
395 1675 455 1723 ose
479 1652 516 1723 in
543 1649 665 1737 nobis,
691 1674 796 1746 quam
819 1649 857 1720 in
883 1644 1114 1719 histrionibus
1140 1644 1287 1740 spectari
1310 1651 1409 1739 puto.
1446 1643 1506 1713 lta-

396 1782 465 1855 que
497 1782 561 1831 nos
595 1782 718 1830 raucos
753 1781 857 1852 saepe
889 1754 1123 1827 attentissime
1146 1752 1260 1824 audiri
1285 1752 1403 1837 video;
1426 1758 1508 1823 tenet

396 1866 491 1939 enim
516 1891 570 1938 res
595 1866 671 1961 ipsa
696 1874 800 1962 atque
824 1889 946 1937 causa:
973 1871 1010 1934 at
1034 1860 1234 1957 Aesopum,
1260 1860 1290 1932 si
1302 1860 1460 1956 paullum
1469 1859 1506 1928 ir·

395 1974 562 2060 rameru,
586 1975 738 2071 explodi.
790 1971 823 2044 A
849 1971 979 2069 quihus
1005 1971 1100 2042 enim
1123 1968 1214 2041 nihil
1237 1974 1377 2065 praeter
1399 1967 1506 2061 volup·

396 2090 506 2155 tatem
531 2082 670 2155 aurium
692 2082 895 2177 quaeritur,
920 2081 958 2152 in
982 2079 1026 2151 iis
1050 2078 1261 2163 offenditur,
1285 2076 1508 2171 simulatque

396 2192 617 2264 imminuitur
657 2191 793 2287 aliquid
834 2190 878 2262 de
911 2189 1089 2284 voluptate
1096 2220 1104 2273 ;
1131 2187 1169 2259 in
1193 2186 1381 2281 eloquente
1402 2192 1507 2256 autem

396 2300 509 2372 multa
538 2307 641 2387 sunt,
673 2324 762 2395 quae
790 2305 952 2383 teneant,
979 2296 1121 2393 quaesi
1145 2294 1263 2366 omnia
1287 2316 1507 2366 summanon

397 2417 499 2494 sunt,
538 2416 573 2481 et
609 2408 775 2505 pleraque
812 2414 930 2478 tamen
961 2429 1089 2501 magna
1114 2411 1219 2491 sunt,
1241 2427 1385 2475 necesse
1407 2410 1455 2474 est
1475 2423 1509 2471 ee

324 2534 371 2581 260
397 2516 494 2612 ipsa,
521 2524 734 2612 quaesunt,
760 2514 934 2587 mirabilia
954 2514 1075 2585 videri.

445 2623 561 2719 Ergo,
584 2631 623 2696 ut
647 2624 692 2695 ad
704 2623 858 2719 primum
883 2623 973 2694 illud
982 2628 1153 2706 revertar,
1167 2620 1213 2721 sit
1225 2626 1340 2692 orator
1350 2618 1452 2691 nobis
1463 2618 1506 2701 is,

397 2884 694 2892 -υ-ι-ι-ι--ι

397 3059 496 3108 hercole
507 3085 542 3095 ——
555 3059 744 3119 cohortandum,
757 3062 829 3110 velut
843 3058 870 3109 in
877 3074 935 3124 par·
984 3064 1123 3122 contraque
1137 3059 1213 3108 ethis
1226 3059 1364 3120 postulatur
1377 3057 1509 3107 inhaeser-

397 3138 494 3186 enthesi
508 3137 631 3187 dicuntur.

432 3217 497 3277 qaod
516 3229 566 3277 epo.
607 3217 624 3264 i.
651 3231 674 3265 e.
702 3219 784 3265 utrum
811 3222 880 3266 recta
903 3232 936 3266 an

397 3307 474 3356 prava
496 3295 553 3342 sint.
586 3295 679 3354 Modo,
692 3297 767 3358 eunt,
782 3301 935 3359 poapraaa,

396 3373 532 3420 rectissime
546 3373 636 3422 omittit
669 3411 674 3422 .

432 3453 488 3500 259.
507 3452 534 3498 io
554 3455 689 3514 eloquente.
723 3454 811 3516 Longe
824 3453 936 3514 plerique

397 3534 527 3578 servarunt
540 3531 567 3578 ia
581 3531 731 3592 eloquentia,
743 3530 800 3580 ideo
806 3531 935 3590 vitiosum,

397 3609 465 3677 quod
478 3607 510 3656 de
523 3607 629 3667 artifice,
644 3623 696 3657 non
710 3610 741 3658 de
755 3615 808 3658 arte
821 3609 884 3658 haec
897 3610 936 3657 ‹B-

397 3689 496 3734 cuntur.
544 3687 730 3738 correctionem
755 3703 837 3737 meam
863 3689 936 3738 video

397 3777 465 3812 nunc
493 3765 585 3812 firmari
612 3767 790 3815 nonnullorum
816 3765 936 3817 librorum

397 3840 542 3890 auctoritate
560 3843 627 3904 apud
640 3844 801 3892 Ellendlium.

431 3920 490 3968 260.
521 3909 561 3968 πῖ
573 3922 685 3980 primum
712 3922 886 3982 impedimento
901 3947 937 3960 α-

398 3998 532 4058 superarit.
565 3998 605 4047 Sic
619 4000 794 4063 corrigendum
808 4000 856 4050 fuit
865 4001 935 4064 vulg.

397 4077 537 4136 spaerae.
555 4078 631 4135 Nam,
646 4077 689 4126 ubi
702 4079 876 4128 Demosthenis
883 4084 937 4127 atu·

398 4153 466 4202 dium
495 4159 548 4203 erat
568 4156 775 4218 praedicandum,
796 4157 823 4205 in
843 4158 937 4206 macte

397 4235 509 4281 oratione
533 4248 584 4281 non
605 4234 705 4284 dixisset
723 4237 871 4296 operatae,
892 4236 936 4284 sed

396 4313 522 4371 superauit
536 4311 717 4372 impedimento.

431 4391 489 4438 261.
506 4393 536 4438 ot
551 4404 601 4438 uero
614 4391 798 4439 continentiam
810 4417 845 4428 -
857 4393 935 4440 coati-

397 4470 525 4516 mentor.
560 4470 599 4517 De
613 4483 669 4518 meo
683 4469 750 4517 edidi
763 4470 788 4516 et
800 4471 935 4519 contentio·

398 4557 441 4590 aee
448 4578 455 4602 ,
474 4559 550 4606 quum
563 4547 641 4610 vulgo
654 4547 695 4596 edi
708 4548 787 4596 soleat
799 4549 822 4595 el
835 4548 935 4597 coalen-

398 4623 490 4679 tiones,
517 4624 558 4685 qui
580 4625 683 4674 Datiuus
704 4625 730 4673 h.
751 4627 768 4674 l.
791 4626 863 4675 nihili
882 4630 934 4684 est,

983 3139 1068 3189 tentia.

1020 3215 1510 3278 [quleliam‚-lapredieneardao.]llon

983 3296 1099 3344 renuntio
1116 3292 1242 3356 opinioni,
1263 3307 1337 3354 qnam
1350 3295 1412 3342 olim
1425 3293 1456 3341 dc
1470 3291 1511 3338 hoc

984 3375 1040 3422 loco
1067 3372 1189 3435 explicui,
1217 3387 1274 3422 eum
1293 3371 1424 3420 insititiam
1441 3375 1515 3419 totum

985 3465 1053 3509 essa,
1069 3466 1230 3512 quamquam,
1243 3456 1273 3499 ut
1284 3450 1397 3509 videtur,
1411 3449 1511 3498 nondum

984 3543 1038 3578 eam
1059 3528 1215 3587 Editoribus,
1237 3529 1278 3590 qui
1291 3534 1348 3590 post
1360 3529 1511 3581 exstiterunt,

984 3607 1103 3672 persuasi.
1119 3608 1253 3656 Videamus
1263 3607 1369 3670 singula.
1389 3605 1437 3660 Qui
1446 3606 1511 3652 ellam

985 3700 1062 3748 quum
1081 3685 1184 3744 dicitur,
1207 3685 1346 3734 necessario
1364 3687 1512 3747 exspectatur

983 3761 1010 3812 id
1028 3762 1198 3826 praedicatum
1217 3763 1261 3822 iri,
1282 3764 1351 3824 quod
1369 3765 1413 3812 vel
1432 3760 1512 3811 diversi

984 3843 1081 3906 generis
1094 3840 1126 3892 sit
1137 3839 1170 3890 ah
1183 3858 1227 3902 eo,
1240 3842 1363 3904 quodiam
1369 3843 1511 3896 dictumest,

983 3923 1025 3968 vel
1045 3926 1112 3969 certe
1132 3921 1258 3983 aliquanto
1274 3919 1363 3969 maius.
1397 3920 1447 3969 Sed
1458 3917 1512 3967 nihil

984 3998 1323 4060 hicsubiicividemus‚quod
1329 4004 1511 4046 nonanteeom·

983 4083 1146 4126 memoratum
1160 4082 1238 4136 esset,
1256 4074 1300 4126 ubi
1312 4075 1405 4126 diserte
1417 4075 1513 4125 uadum

984 4155 1179 4206 Demosthenem
1198 4153 1326 4219 diligentia
1343 4161 1370 4204 et
1381 4155 1467 4204 labore
1476 4167 1512 4200 au·

983 4235 1108 4297 paravisse
1121 4235 1424 4296 impedimenunaearae,
1437 4233 1512 4286 inest,

983 4317 1037 4360 tum
1043 4313 1284 4374 pronuntiationem,
1295 4317 1349 4361 tum
1355 4312 1468 4374 spiritum
1475 4325 1512 4357 an-

984 4391 1341 4455 gustumzitaquecelcbratam
1347 4387 1514 4440 Demosthenis

984 4469 1133 4534 τραυλότητα
1152 4468 1197 4534 (de
1214 4483 1262 4530 qua
1279 4469 1320 4532 egi
1331 4467 1399 4518 Bibl.
1413 4469 1473 4519 Grlt.
1486 4467 1512 4515 N.

983 4548 1020 4595 ΙΙ.
1034 4562 1060 4608 p.
1075 4547 1129 4611 82),
1144 4546 1513 4610 quoreferetPlutarchusffle·

984 4625 1075 4674 mosth.
1096 4640 1152 4687 cap.
1175 4625 1202 4687 7)
1222 4626 1291 4674 illam
1309 4626 1512 4676 narratiunculam
