<?xml version="1.0" encoding="UTF-8"?>
<!DOCTYPE html PUBLIC "-//W3C//DTD XHTML 1.0 Transitional//EN"
    "http://www.w3.org/TR/xhtml1/DTD/xhtml1-transitional.dtd">
<html xmlns="http://www.w3.org/1999/xhtml" xml:lang="en" lang="en">
 <head>
  <title>
</title>
<meta http-equiv="Content-Type" content="text/html;charset=utf-8" />
  <meta name='ocr-system' content='tesseract 3.04.00' />
  <meta name='ocr-capabilities' content='ocr_page ocr_carea ocr_par ocr_line ocrx_word'/>
</head>
<body>
  <div class='ocr_page' id='page_1' title='image "./mtulliiciceroni01bakegoog_0100.png"; bbox 0 0 3242 5500; ppageno 0'>
   <div class='ocr_carea' id='block_1_1' title="bbox 402 550 1179 630">
    <p class='ocr_par' dir='ltr' id='par_1_1' title="bbox 402 550 1179 630">
     <span class='ocr_line' id='line_1_1' title="bbox 402 550 1179 630; baseline -0.001 -13"><span class='ocrx_word' id='word_1_1' title='bbox 402 550 448 617; x_wconf 80' lang='lat'><strong>80</strong></span> <span class='ocrx_word' id='word_1_2' title='bbox 749 568 862 617; x_wconf 83' lang='grc'>111111</span> <span class='ocrx_word' id='word_1_3' title='bbox 891 569 1027 626; x_wconf 73' lang='lat' dir='ltr'><strong>sarnus</strong></span> <span class='ocrx_word' id='word_1_4' title='bbox 1055 553 1072 630; x_wconf 83' lang='lat'>§</span> <span class='ocrx_word' id='word_1_5' title='bbox 1099 550 1179 620; x_wconf 81' lang='lat'>187.</span> 
     </span>
    </p>
   </div>
   <div class='ocr_carea' id='block_1_2' title="bbox 326 740 1524 1276">
    <p class='ocr_par' dir='ltr' id='par_1_2' title="bbox 326 740 1524 1276">
     <span class='ocr_line' id='line_1_2' title="bbox 387 740 1523 837; baseline 0 -24"><span class='ocrx_word' id='word_1_6' title='bbox 387 743 436 814; x_wconf 85' lang='lat' dir='ltr'><strong>in</strong></span> <span class='ocrx_word' id='word_1_7' title='bbox 462 741 527 813; x_wconf 90' lang='lat' dir='ltr'><strong>hac</strong></span> <span class='ocrx_word' id='word_1_8' title='bbox 553 740 706 837; x_wconf 90' lang='lat' dir='ltr'><strong>denique</strong></span> <span class='ocrx_word' id='word_1_9' title='bbox 731 741 807 836; x_wconf 89' lang='lat' dir='ltr'><strong>ipsa</strong></span> <span class='ocrx_word' id='word_1_10' title='bbox 832 741 966 815; x_wconf 89' lang='lat' dir='ltr'><strong>ratione</strong></span> <span class='ocrx_word' id='word_1_11' title='bbox 984 740 1124 812; x_wconf 86' lang='lat' dir='ltr'><strong>dicendi</strong></span> <span class='ocrx_word' id='word_1_12' title='bbox 1142 740 1358 836; x_wconf 87' lang='lat' dir='ltr'><strong>excogitare,</strong></span> <span class='ocrx_word' id='word_1_13' title='bbox 1384 764 1523 827; x_wconf 90' lang='lat' dir='ltr'><strong>ornare,</strong></span> 
     </span>
     <span class='ocr_line' id='line_1_3' title="bbox 399 845 1522 948; baseline 0 -25"><span class='ocrx_word' id='word_1_14' title='bbox 399 851 604 948; x_wconf 84' lang='lat' dir='ltr'>disponere,</span> <span class='ocrx_word' id='word_1_15' title='bbox 638 850 861 937; x_wconf 84' lang='lat' dir='ltr'><strong>meminisse,</strong></span> <span class='ocrx_word' id='word_1_16' title='bbox 895 874 998 946; x_wconf 88' lang='lat' dir='ltr'><strong>agere</strong></span> <span class='ocrx_word' id='word_1_17' title='bbox 1034 845 1173 946; x_wconf 85' lang='lat' dir='ltr'><strong>[ignota</strong></span> <span class='ocrx_word' id='word_1_18' title='bbox 1205 849 1385 946; x_wconf 90' lang='lat' dir='ltr'><strong>quondam</strong></span> <span class='ocrx_word' id='word_1_19' title='bbox 1410 853 1522 923; x_wconf 91' lang='lat' dir='ltr'><strong>omni-</strong></span> 
     </span>
     <span class='ocr_line' id='line_1_4' title="bbox 326 956 1524 1056; baseline 0.006 -30"><span class='ocrx_word' id='word_1_20' title='bbox 326 981 372 1027; x_wconf 84' lang='lat' dir='ltr'><strong>na</strong></span> <span class='ocrx_word' id='word_1_21' title='bbox 401 960 465 1033; x_wconf 93' lang='lat' dir='ltr'><strong>bus</strong></span> <span class='ocrx_word' id='word_1_22' title='bbox 498 969 534 1033; x_wconf 88' lang='lat' dir='ltr'><strong>et</strong></span> <span class='ocrx_word' id='word_1_23' title='bbox 567 960 695 1033; x_wconf 87' lang='lat' dir='ltr'><strong>diffusa</strong></span> <span class='ocrx_word' id='word_1_24' title='bbox 729 960 799 1032; x_wconf 87' lang='lat' dir='ltr'><strong>late</strong></span> <span class='ocrx_word' id='word_1_25' title='bbox 832 956 1073 1056; x_wconf 63' lang='lat' dir='ltr'><strong>videbantur]</strong></span> <span class='ocrx_word' id='word_1_26' title='bbox 1126 958 1296 1031; x_wconf 79' lang='lat' dir='ltr'><strong>Adhibita</strong></span> <span class='ocrx_word' id='word_1_27' title='bbox 1329 967 1383 1031; x_wconf 91' lang='lat' dir='ltr'><strong>est</strong></span> <span class='ocrx_word' id='word_1_28' title='bbox 1415 960 1524 1056; x_wconf 87' lang='lat' dir='ltr'><strong>igitur</strong></span> 
     </span>
     <span class='ocr_line' id='line_1_5' title="bbox 399 1068 1523 1166; baseline 0 -25"><span class='ocrx_word' id='word_1_29' title='bbox 399 1095 454 1143; x_wconf 84' lang='lat' dir='ltr'><strong>ars</strong></span> <span class='ocrx_word' id='word_1_30' title='bbox 481 1070 652 1166; x_wconf 83' lang='lat' dir='ltr'><strong>quaedam</strong></span> <span class='ocrx_word' id='word_1_31' title='bbox 678 1070 894 1142; x_wconf 88' lang='lat' dir='ltr'><strong>extrinsecus</strong></span> <span class='ocrx_word' id='word_1_32' title='bbox 920 1094 963 1141; x_wconf 88' lang='lat' dir='ltr'><strong>ex</strong></span> <span class='ocrx_word' id='word_1_33' title='bbox 988 1069 1057 1142; x_wconf 89' lang='lat' dir='ltr'><strong>alio</strong></span> <span class='ocrx_word' id='word_1_34' title='bbox 1082 1093 1210 1165; x_wconf 86' lang='lat' dir='ltr'><strong>genere</strong></span> <span class='ocrx_word' id='word_1_35' title='bbox 1228 1068 1400 1164; x_wconf 91' lang='lat' dir='ltr'><strong>quodam,</strong></span> <span class='ocrx_word' id='word_1_36' title='bbox 1428 1071 1523 1166; x_wconf 91' lang='lat' dir='ltr'><strong>quod</strong></span> 
     </span>
     <span class='ocr_line' id='line_1_6' title="bbox 399 1177 1522 1276; baseline 0 -25"><span class='ocrx_word' id='word_1_37' title='bbox 399 1177 467 1252; x_wconf 89' lang='lat' dir='ltr'><strong>sibi</strong></span> <span class='ocrx_word' id='word_1_38' title='bbox 499 1187 613 1252; x_wconf 88' lang='lat' dir='ltr'><strong>totum</strong></span> <span class='ocrx_word' id='word_1_39' title='bbox 638 1178 839 1276; x_wconf 89' lang='lat' dir='ltr'><strong>philosophi</strong></span> <span class='ocrx_word' id='word_1_40' title='bbox 863 1188 1066 1266; x_wconf 90' lang='lat' dir='ltr'><strong>assumunt,</strong></span> <span class='ocrx_word' id='word_1_41' title='bbox 1101 1203 1289 1274; x_wconf 89' lang='lat' dir='ltr'><strong>quaeram</strong></span> <span class='ocrx_word' id='word_1_42' title='bbox 1315 1178 1522 1251; x_wconf 79' lang='lat' dir='ltr'><strong>dissolutam</strong></span> 
     </span>
    </p>
   </div>
   <div class='ocr_carea' id='block_1_3' title="bbox 399 1288 1602 1385">
    <p class='ocr_par' dir='ltr' id='par_1_3' title="bbox 399 1288 1602 1385">
     <span class='ocr_line' id='line_1_7' title="bbox 399 1288 1602 1385; baseline -0.002 -24"><span class='ocrx_word' id='word_1_43' title='bbox 399 1289 642 1385; x_wconf 86' lang='lat' dir='ltr'><strong>divulsamque</strong></span> <span class='ocrx_word' id='word_1_44' title='bbox 667 1288 944 1384; x_wconf 84' lang='lat' dir='ltr'><strong>conglutinaret,</strong></span> <span class='ocrx_word' id='word_1_45' title='bbox 971 1299 1006 1361; x_wconf 88' lang='lat' dir='ltr'><strong>et</strong></span> <span class='ocrx_word' id='word_1_46' title='bbox 1029 1288 1164 1361; x_wconf 87' lang='lat' dir='ltr'><strong>ratione</strong></span> <span class='ocrx_word' id='word_1_47' title='bbox 1183 1288 1335 1384; x_wconf 87' lang='lat' dir='ltr'><strong>quadarn</strong></span> <span class='ocrx_word' id='word_1_48' title='bbox 1352 1289 1522 1360; x_wconf 91' lang='lat' dir='ltr'><strong>constrin·</strong></span> <span class='ocrx_word' id='word_1_49' title='bbox 1601 1294 1602 1304; x_wconf 77' lang='grc'>’</span> 
     </span>
    </p>
   </div>
   <div class='ocr_carea' id='block_1_4' title="bbox 320 1397 1522 3684">
    <p class='ocr_par' dir='ltr' id='par_1_4' title="bbox 320 1397 1522 3684">
     <span class='ocr_line' id='line_1_8' title="bbox 398 1397 1522 1494; baseline -0.003 -25"><span class='ocrx_word' id='word_1_50' title='bbox 398 1406 506 1494; x_wconf 89' lang='lat' dir='ltr'><strong>geret.</strong></span> <span class='ocrx_word' id='word_1_51' title='bbox 544 1398 597 1470; x_wconf 87' lang='lat' dir='ltr'><strong>Sit</strong></span> <span class='ocrx_word' id='word_1_52' title='bbox 623 1422 706 1494; x_wconf 91' lang='lat' dir='ltr'><strong>ergo</strong></span> <span class='ocrx_word' id='word_1_53' title='bbox 731 1399 769 1470; x_wconf 93' lang='lat' dir='ltr'><strong>in</strong></span> <span class='ocrx_word' id='word_1_54' title='bbox 795 1398 871 1470; x_wconf 90' lang='lat' dir='ltr'><strong>iure</strong></span> <span class='ocrx_word' id='word_1_55' title='bbox 896 1398 989 1471; x_wconf 90' lang='lat' dir='ltr'><strong>civili</strong></span> <span class='ocrx_word' id='word_1_56' title='bbox 1015 1399 1097 1471; x_wconf 91' lang='lat' dir='ltr'><strong>finis</strong></span> <span class='ocrx_word' id='word_1_57' title='bbox 1114 1398 1194 1484; x_wconf 91' lang='lat' dir='ltr'><strong>hic,</strong></span> <span class='ocrx_word' id='word_1_58' title='bbox 1221 1397 1399 1494; x_wconf 84' lang='lat' dir='ltr'><strong>legitimae</strong></span> <span class='ocrx_word' id='word_1_59' title='bbox 1416 1407 1522 1493; x_wconf 87' lang='lat' dir='ltr'><strong>atque</strong></span> 
     </span>
     <span class='ocr_line' id='line_1_9' title="bbox 397 1506 1521 1604; baseline -0.001 -25"><span class='ocrx_word' id='word_1_60' title='bbox 397 1508 548 1579; x_wconf 89' lang='lat' dir='ltr'><strong>usitatae</strong></span> <span class='ocrx_word' id='word_1_61' title='bbox 583 1508 619 1579; x_wconf 90' lang='lat' dir='ltr'><strong>in</strong></span> <span class='ocrx_word' id='word_1_62' title='bbox 653 1506 758 1581; x_wconf 71' lang='lat' dir='ltr'><strong>rebus</strong></span> <span class='ocrx_word' id='word_1_63' title='bbox 791 1508 976 1604; x_wconf 86' lang='lat' dir='ltr'><strong>causisque</strong></span> <span class='ocrx_word' id='word_1_64' title='bbox 1001 1508 1129 1581; x_wconf 88' lang='lat' dir='ltr'><strong>civium</strong></span> <span class='ocrx_word' id='word_1_65' title='bbox 1153 1506 1415 1604; x_wconf 86' lang='lat' dir='ltr'><strong>aequabilitatis</strong></span> <span class='ocrx_word' id='word_1_66' title='bbox 1442 1532 1521 1579; x_wconf 90' lang='lat' dir='ltr'><strong>con·</strong></span> 
     </span>
     <span class='ocr_line' id='line_1_10' title="bbox 325 1616 1522 1714; baseline 0.003 -30"><span class='ocrx_word' id='word_1_67' title='bbox 325 1640 370 1686; x_wconf 82' lang='lat' dir='ltr'><strong>ns</strong></span> <span class='ocrx_word' id='word_1_68' title='bbox 399 1618 565 1689; x_wconf 86' lang='lat' dir='ltr'><strong>servatio:</strong></span> <span class='ocrx_word' id='word_1_69' title='bbox 611 1625 687 1689; x_wconf 90' lang='lat' dir='ltr'><strong>tum</strong></span> <span class='ocrx_word' id='word_1_70' title='bbox 732 1624 816 1689; x_wconf 90' lang='lat' dir='ltr'><strong>sunt</strong></span> <span class='ocrx_word' id='word_1_71' title='bbox 860 1618 1013 1691; x_wconf 89' lang='lat' dir='ltr'><strong>notanda</strong></span> <span class='ocrx_word' id='word_1_72' title='bbox 1050 1643 1199 1714; x_wconf 89' lang='lat' dir='ltr'><strong>genera,</strong></span> <span class='ocrx_word' id='word_1_73' title='bbox 1238 1625 1271 1689; x_wconf 89' lang='lat' dir='ltr'><strong>et</strong></span> <span class='ocrx_word' id='word_1_74' title='bbox 1307 1616 1354 1689; x_wconf 91' lang='lat' dir='ltr'><strong>ad</strong></span> <span class='ocrx_word' id='word_1_75' title='bbox 1387 1626 1522 1690; x_wconf 89' lang='lat' dir='ltr'><strong>certum</strong></span> 
     </span>
     <span class='ocr_line' id='line_1_11' title="bbox 396 1727 1521 1823; baseline -0.002 -24"><span class='ocrx_word' id='word_1_76' title='bbox 396 1750 584 1799; x_wconf 90' lang='lat' dir='ltr'><strong>numerum</strong></span> <span class='ocrx_word' id='word_1_77' title='bbox 617 1727 901 1823; x_wconf 87' lang='lat' dir='ltr'><strong>paucitatemque</strong></span> <span class='ocrx_word' id='word_1_78' title='bbox 933 1727 1126 1800; x_wconf 89' lang='lat' dir='ltr'><strong>revocanda</strong></span> <span class='ocrx_word' id='word_1_79' title='bbox 1161 1732 1288 1823; x_wconf 87' lang='lat' dir='ltr'><strong>(genus</strong></span> <span class='ocrx_word' id='word_1_80' title='bbox 1325 1736 1447 1798; x_wconf 86' lang='lat' dir='ltr'><strong>autem</strong></span> <span class='ocrx_word' id='word_1_81' title='bbox 1472 1736 1521 1798; x_wconf 89' lang='lat' dir='ltr'><strong>est</strong></span> 
     </span>
     <span class='ocr_line' id='line_1_12' title="bbox 397 1835 1522 1933; baseline 0 -26"><span class='ocrx_word' id='word_1_82' title='bbox 397 1835 453 1921; x_wconf 92' lang='lat' dir='ltr'><strong>id,</strong></span> <span class='ocrx_word' id='word_1_83' title='bbox 480 1836 576 1931; x_wconf 93' lang='lat' dir='ltr'><strong>quod</strong></span> <span class='ocrx_word' id='word_1_84' title='bbox 600 1836 655 1907; x_wconf 89' lang='lat' dir='ltr'><strong>sui</strong></span> <span class='ocrx_word' id='word_1_85' title='bbox 681 1837 812 1909; x_wconf 90' lang='lat' dir='ltr'><strong>similes</strong></span> <span class='ocrx_word' id='word_1_86' title='bbox 825 1838 1071 1909; x_wconf 89' lang='lat' dir='ltr'><strong>communione</strong></span> <span class='ocrx_word' id='word_1_87' title='bbox 1084 1837 1255 1933; x_wconf 90' lang='lat' dir='ltr'><strong>quadam,</strong></span> <span class='ocrx_word' id='word_1_88' title='bbox 1277 1836 1522 1932; x_wconf 87' lang='lat' dir='ltr'><strong>specieautem</strong></span> 
     </span>
     <span class='ocr_line' id='line_1_13' title="bbox 396 1945 1521 2043; baseline -0.001 -26"><span class='ocrx_word' id='word_1_89' title='bbox 396 1946 617 2031; x_wconf 86' lang='lat' dir='ltr'><strong>differentes,</strong></span> <span class='ocrx_word' id='word_1_90' title='bbox 643 1945 730 2017; x_wconf 90' lang='lat' dir='ltr'><strong>duas</strong></span> <span class='ocrx_word' id='word_1_91' title='bbox 755 1954 816 2018; x_wconf 91' lang='lat' dir='ltr'><strong>aut</strong></span> <span class='ocrx_word' id='word_1_92' title='bbox 840 1946 959 2042; x_wconf 89' lang='lat' dir='ltr'><strong>plures</strong></span> <span class='ocrx_word' id='word_1_93' title='bbox 983 1947 1226 2043; x_wconf 77' lang='lat' dir='ltr'><strong>complectitur</strong></span> <span class='ocrx_word' id='word_1_94' title='bbox 1245 1954 1359 2043; x_wconf 88' lang='lat' dir='ltr'><strong>partes</strong></span> <span class='ocrx_word' id='word_1_95' title='bbox 1371 1979 1380 2031; x_wconf 91' lang='lat'>;</span> <span class='ocrx_word' id='word_1_96' title='bbox 1405 1954 1521 2042; x_wconf 85' lang='lat' dir='ltr'><strong>partes</strong></span> 
     </span>
     <span class='ocr_line' id='line_1_14' title="bbox 395 2054 1520 2152; baseline 0 -25"><span class='ocrx_word' id='word_1_97' title='bbox 395 2064 514 2128; x_wconf 88' lang='lat' dir='ltr'><strong>autem</strong></span> <span class='ocrx_word' id='word_1_98' title='bbox 547 2062 649 2141; x_wconf 89' lang='lat' dir='ltr'><strong>sunt,</strong></span> <span class='ocrx_word' id='word_1_99' title='bbox 684 2080 774 2151; x_wconf 87' lang='lat' dir='ltr'><strong>quae</strong></span> <span class='ocrx_word' id='word_1_100' title='bbox 808 2055 997 2151; x_wconf 87' lang='lat' dir='ltr'><strong>generibus</strong></span> <span class='ocrx_word' id='word_1_101' title='bbox 1022 2056 1085 2142; x_wconf 88' lang='lat' dir='ltr'><strong>iis,</strong></span> <span class='ocrx_word' id='word_1_102' title='bbox 1112 2082 1154 2129; x_wconf 83' lang='lat' dir='ltr'><strong>ex</strong></span> <span class='ocrx_word' id='word_1_103' title='bbox 1179 2054 1310 2152; x_wconf 88' lang='lat' dir='ltr'><strong>quibus</strong></span> <span class='ocrx_word' id='word_1_104' title='bbox 1335 2064 1520 2139; x_wconf 88' lang='lat' dir='ltr'><strong>emanant,</strong></span> 
     </span>
     <span class='ocr_line' id='line_1_15' title="bbox 396 2163 1521 2261; baseline -0.001 -25"><span class='ocrx_word' id='word_1_105' title='bbox 396 2163 665 2251; x_wconf 86' lang='lat' dir='ltr'><strong>subiiciuntur):</strong></span> <span class='ocrx_word' id='word_1_106' title='bbox 699 2165 908 2261; x_wconf 89' lang='lat' dir='ltr'><strong>omniaque,</strong></span> <span class='ocrx_word' id='word_1_107' title='bbox 941 2190 1032 2261; x_wconf 90' lang='lat' dir='ltr'><strong>quae</strong></span> <span class='ocrx_word' id='word_1_108' title='bbox 1065 2174 1148 2237; x_wconf 92' lang='lat' dir='ltr'><strong>sunt</strong></span> <span class='ocrx_word' id='word_1_109' title='bbox 1168 2166 1224 2237; x_wconf 90' lang='lat' dir='ltr'><strong>vel</strong></span> <span class='ocrx_word' id='word_1_110' title='bbox 1247 2189 1444 2260; x_wconf 88' lang='lat' dir='ltr'><strong>generum,</strong></span> <span class='ocrx_word' id='word_1_111' title='bbox 1471 2165 1521 2235; x_wconf 90' lang='lat' dir='ltr'><strong>vel</strong></span> 
     </span>
     <span class='ocr_line' id='line_1_16' title="bbox 395 2273 1520 2371; baseline -0.001 -25"><span class='ocrx_word' id='word_1_112' title='bbox 395 2274 547 2371; x_wconf 88' lang='lat' dir='ltr'><strong>partium</strong></span> <span class='ocrx_word' id='word_1_113' title='bbox 582 2275 745 2361; x_wconf 90' lang='lat' dir='ltr'><strong>nomina,</strong></span> <span class='ocrx_word' id='word_1_114' title='bbox 779 2274 1067 2361; x_wconf 90' lang='lat' dir='ltr'><strong>definitionibus,</strong></span> <span class='ocrx_word' id='word_1_115' title='bbox 1102 2299 1207 2370; x_wconf 91' lang='lat' dir='ltr'><strong>quam</strong></span> <span class='ocrx_word' id='word_1_116' title='bbox 1240 2275 1312 2345; x_wconf 89' lang='lat' dir='ltr'><strong>vim</strong></span> <span class='ocrx_word' id='word_1_117' title='bbox 1349 2273 1520 2359; x_wconf 89' lang='lat' dir='ltr'><strong>habeant,</strong></span> 
     </span>
     <span class='ocr_line' id='line_1_17' title="bbox 400 2383 1520 2478; baseline 0 -23"><span class='ocrx_word' id='word_1_118' title='bbox 400 2391 452 2455; x_wconf 87' lang='lat' dir='ltr'><strong>est</strong></span> <span class='ocrx_word' id='word_1_119' title='bbox 487 2383 774 2478; x_wconf 87' lang='lat' dir='ltr'><strong>exprimendum:</strong></span> <span class='ocrx_word' id='word_1_120' title='bbox 809 2392 861 2455; x_wconf 91' lang='lat' dir='ltr'><strong>est</strong></span> <span class='ocrx_word' id='word_1_121' title='bbox 894 2386 990 2456; x_wconf 91' lang='lat' dir='ltr'><strong>enim</strong></span> <span class='ocrx_word' id='word_1_122' title='bbox 1027 2384 1188 2456; x_wconf 88' lang='lat' dir='ltr'><strong>definitio</strong></span> <span class='ocrx_word' id='word_1_123' title='bbox 1225 2407 1347 2455; x_wconf 90' lang='lat' dir='ltr'><strong>earum</strong></span> <span class='ocrx_word' id='word_1_124' title='bbox 1382 2408 1520 2467; x_wconf 87' lang='lat' dir='ltr'><strong>rerum,</strong></span> 
     </span>
     <span class='ocr_line' id='line_1_18' title="bbox 401 2492 1520 2589; baseline 0 -25"><span class='ocrx_word' id='word_1_125' title='bbox 401 2517 490 2588; x_wconf 90' lang='lat' dir='ltr'><strong>quae</strong></span> <span class='ocrx_word' id='word_1_126' title='bbox 524 2500 606 2564; x_wconf 88' lang='lat' dir='ltr'><strong>sunt</strong></span> <span class='ocrx_word' id='word_1_127' title='bbox 639 2492 714 2564; x_wconf 89' lang='lat' dir='ltr'><strong>eins</strong></span> <span class='ocrx_word' id='word_1_128' title='bbox 747 2494 797 2565; x_wconf 93' lang='lat' dir='ltr'><strong>rei</strong></span> <span class='ocrx_word' id='word_1_129' title='bbox 828 2493 1010 2589; x_wconf 90' lang='lat' dir='ltr'><strong>propriae,</strong></span> <span class='ocrx_word' id='word_1_130' title='bbox 1044 2518 1150 2589; x_wconf 91' lang='lat' dir='ltr'><strong>quam</strong></span> <span class='ocrx_word' id='word_1_131' title='bbox 1174 2492 1321 2565; x_wconf 88' lang='lat' dir='ltr'><strong>definire</strong></span> <span class='ocrx_word' id='word_1_132' title='bbox 1341 2492 1520 2578; x_wconf 91' lang='lat' dir='ltr'><strong>volumus,</strong></span> 
     </span>
     <span class='ocr_line' id='line_1_19' title="bbox 320 2600 1519 2700; baseline 0.003 -33"><span class='ocrx_word' id='word_1_133' title='bbox 320 2621 368 2668; x_wconf 84' lang='lat' dir='ltr'><strong>roo</strong></span> <span class='ocrx_word' id='word_1_134' title='bbox 397 2601 509 2675; x_wconf 87' lang='lat' dir='ltr'><strong>brevis</strong></span> <span class='ocrx_word' id='word_1_135' title='bbox 535 2609 570 2673; x_wconf 87' lang='lat' dir='ltr'><strong>et</strong></span> <span class='ocrx_word' id='word_1_136' title='bbox 595 2602 856 2699; x_wconf 86' lang='lat' dir='ltr'><strong>circumscripta</strong></span> <span class='ocrx_word' id='word_1_137' title='bbox 878 2603 1050 2700; x_wconf 90' lang='lat' dir='ltr'><strong>quaedam</strong></span> <span class='ocrx_word' id='word_1_138' title='bbox 1074 2602 1270 2698; x_wconf 87' lang='lat' dir='ltr'><strong>explicatio.</strong></span> <span class='ocrx_word' id='word_1_139' title='bbox 1323 2600 1435 2675; x_wconf 89' lang='lat' dir='ltr'><strong>Hisce</strong></span> <span class='ocrx_word' id='word_1_140' title='bbox 1457 2626 1519 2697; x_wconf 90' lang='lat' dir='ltr'><strong>ego</strong></span> 
     </span>
     <span class='ocr_line' id='line_1_20' title="bbox 393 2710 1519 2809; baseline 0 -25"><span class='ocrx_word' id='word_1_141' title='bbox 393 2710 498 2784; x_wconf 90' lang='lat' dir='ltr'><strong>rebus</strong></span> <span class='ocrx_word' id='word_1_142' title='bbox 532 2713 691 2809; x_wconf 85' lang='lat' dir='ltr'><strong>exempla</strong></span> <span class='ocrx_word' id='word_1_143' title='bbox 711 2711 961 2809; x_wconf 88' lang='lat' dir='ltr'><strong>adiungerem,</strong></span> <span class='ocrx_word' id='word_1_144' title='bbox 996 2712 1090 2799; x_wconf 90' lang='lat' dir='ltr'><strong>nisi,</strong></span> <span class='ocrx_word' id='word_1_145' title='bbox 1113 2712 1209 2809; x_wconf 91' lang='lat' dir='ltr'><strong>apud</strong></span> <span class='ocrx_word' id='word_1_146' title='bbox 1232 2737 1320 2808; x_wconf 91' lang='lat' dir='ltr'><strong>quos</strong></span> <span class='ocrx_word' id='word_1_147' title='bbox 1345 2712 1430 2784; x_wconf 91' lang='lat' dir='ltr'><strong>haec</strong></span> <span class='ocrx_word' id='word_1_148' title='bbox 1463 2712 1519 2784; x_wconf 90' lang='lat' dir='ltr'><strong>ha·</strong></span> 
     </span>
     <span class='ocr_line' id='line_1_21' title="bbox 396 2821 1520 2919; baseline -0.002 -25"><span class='ocrx_word' id='word_1_149' title='bbox 396 2821 536 2895; x_wconf 87' lang='lat' dir='ltr'><strong>beretur</strong></span> <span class='ocrx_word' id='word_1_150' title='bbox 568 2823 703 2908; x_wconf 85' lang='lat' dir='ltr'><strong>oratic,</strong></span> <span class='ocrx_word' id='word_1_151' title='bbox 730 2847 926 2898; x_wconf 86' lang='lat' dir='ltr'><strong>cameram:</strong></span> <span class='ocrx_word' id='word_1_152' title='bbox 949 2848 1044 2895; x_wconf 90' lang='lat' dir='ltr'><strong>nunc</strong></span> <span class='ocrx_word' id='word_1_153' title='bbox 1068 2823 1297 2919; x_wconf 89' lang='lat' dir='ltr'><strong>complectar,</strong></span> <span class='ocrx_word' id='word_1_154' title='bbox 1323 2824 1420 2918; x_wconf 93' lang='lat' dir='ltr'><strong>quod</strong></span> <span class='ocrx_word' id='word_1_155' title='bbox 1444 2847 1520 2918; x_wconf 81' lang='lat' dir='ltr'><strong>pre</strong></span> 
     </span>
     <span class='ocr_line' id='line_1_22' title="bbox 394 2931 1521 3028; baseline 0.002 -26"><span class='ocrx_word' id='word_1_156' title='bbox 394 2932 519 3028; x_wconf 92' lang='lat' dir='ltr'><strong>posui,</strong></span> <span class='ocrx_word' id='word_1_157' title='bbox 554 2931 662 3003; x_wconf 90' lang='lat' dir='ltr'><strong>brevi.</strong></span> <span class='ocrx_word' id='word_1_158' title='bbox 711 2932 748 3004; x_wconf 87' lang='lat' dir='ltr'><strong>Si</strong></span> <span class='ocrx_word' id='word_1_159' title='bbox 782 2933 877 3004; x_wconf 88' lang='lat' dir='ltr'><strong>enim</strong></span> <span class='ocrx_word' id='word_1_160' title='bbox 902 2942 965 3005; x_wconf 88' lang='lat' dir='ltr'><strong>aut</strong></span> <span class='ocrx_word' id='word_1_161' title='bbox 988 2932 1077 3004; x_wconf 89' lang='lat' dir='ltr'><strong>mihi</strong></span> <span class='ocrx_word' id='word_1_162' title='bbox 1102 2933 1215 3004; x_wconf 88' lang='lat' dir='ltr'><strong>facere</strong></span> <span class='ocrx_word' id='word_1_163' title='bbox 1241 2931 1398 3018; x_wconf 87' lang='lat' dir='ltr'><strong>licuerit,</strong></span> <span class='ocrx_word' id='word_1_164' title='bbox 1426 2931 1521 3028; x_wconf 83' lang='lat' dir='ltr'><strong>quod</strong></span> 
     </span>
     <span class='ocr_line' id='line_1_23' title="bbox 394 3040 1520 3138; baseline 0.001 -27"><span class='ocrx_word' id='word_1_165' title='bbox 394 3041 464 3112; x_wconf 89' lang='lat' dir='ltr'><strong>iam</strong></span> <span class='ocrx_word' id='word_1_166' title='bbox 489 3040 552 3112; x_wconf 91' lang='lat' dir='ltr'><strong>diu</strong></span> <span class='ocrx_word' id='word_1_167' title='bbox 575 3041 709 3136; x_wconf 88' lang='lat' dir='ltr'><strong>cogite,</strong></span> <span class='ocrx_word' id='word_1_168' title='bbox 744 3048 804 3113; x_wconf 91' lang='lat' dir='ltr'><strong>aut</strong></span> <span class='ocrx_word' id='word_1_169' title='bbox 828 3042 918 3114; x_wconf 91' lang='lat' dir='ltr'><strong>alius</strong></span> <span class='ocrx_word' id='word_1_170' title='bbox 943 3042 1119 3138; x_wconf 87' lang='lat' dir='ltr'><strong>quispiam</strong></span> <span class='ocrx_word' id='word_1_171' title='bbox 1143 3050 1223 3128; x_wconf 85' lang='lat' dir='ltr'><strong>aut,</strong></span> <span class='ocrx_word' id='word_1_172' title='bbox 1250 3066 1306 3113; x_wconf 92' lang='lat' dir='ltr'><strong>me</strong></span> <span class='ocrx_word' id='word_1_173' title='bbox 1327 3041 1520 3138; x_wconf 83' lang='lat' dir='ltr'><strong>impedito,</strong></span> 
     </span>
     <span class='ocr_line' id='line_1_24' title="bbox 394 3151 1520 3247; baseline 0.002 -27"><span class='ocrx_word' id='word_1_174' title='bbox 394 3151 591 3244; x_wconf 88' lang='lat' dir='ltr'><strong>occuparit,</strong></span> <span class='ocrx_word' id='word_1_175' title='bbox 618 3158 698 3236; x_wconf 87' lang='lat' dir='ltr'><strong>ant,</strong></span> <span class='ocrx_word' id='word_1_176' title='bbox 724 3160 883 3238; x_wconf 90' lang='lat' dir='ltr'><strong>mortuo,</strong></span> <span class='ocrx_word' id='word_1_177' title='bbox 909 3151 1080 3236; x_wconf 85' lang='lat' dir='ltr'><strong>effecerit,</strong></span> <span class='ocrx_word' id='word_1_178' title='bbox 1105 3158 1146 3222; x_wconf 87' lang='lat' dir='ltr'><strong>ut</strong></span> <span class='ocrx_word' id='word_1_179' title='bbox 1171 3151 1327 3247; x_wconf 91' lang='lat' dir='ltr'><strong>primum</strong></span> <span class='ocrx_word' id='word_1_180' title='bbox 1343 3175 1451 3223; x_wconf 89' lang='lat' dir='ltr'><strong>omne</strong></span> <span class='ocrx_word' id='word_1_181' title='bbox 1468 3152 1520 3222; x_wconf 87' lang='lat' dir='ltr'><strong>ius</strong></span> 
     </span>
     <span class='ocr_line' id='line_1_25' title="bbox 393 3258 1521 3356; baseline -0.001 -26"><span class='ocrx_word' id='word_1_182' title='bbox 393 3258 495 3330; x_wconf 86' lang='lat' dir='ltr'><strong>civile</strong></span> <span class='ocrx_word' id='word_1_183' title='bbox 528 3258 565 3330; x_wconf 91' lang='lat' dir='ltr'><strong>in</strong></span> <span class='ocrx_word' id='word_1_184' title='bbox 600 3283 728 3354; x_wconf 88' lang='lat' dir='ltr'><strong>genera</strong></span> <span class='ocrx_word' id='word_1_185' title='bbox 762 3260 921 3356; x_wconf 85' lang='lat' dir='ltr'><strong>digerat,</strong></span> <span class='ocrx_word' id='word_1_186' title='bbox 948 3285 1038 3356; x_wconf 88' lang='lat' dir='ltr'><strong>quae</strong></span> <span class='ocrx_word' id='word_1_187' title='bbox 1062 3285 1236 3356; x_wconf 86' lang='lat' dir='ltr'><strong>perpauca</strong></span> <span class='ocrx_word' id='word_1_188' title='bbox 1261 3267 1344 3332; x_wconf 91' lang='lat' dir='ltr'><strong>sunt</strong></span> <span class='ocrx_word' id='word_1_189' title='bbox 1356 3294 1365 3348; x_wconf 90' lang='lat'>;</span> <span class='ocrx_word' id='word_1_190' title='bbox 1392 3260 1521 3333; x_wconf 87' lang='lat' dir='ltr'><strong>deinde</strong></span> 
     </span>
     <span class='ocr_line' id='line_1_26' title="bbox 394 3368 1519 3466; baseline 0.002 -28"><span class='ocrx_word' id='word_1_191' title='bbox 394 3391 514 3440; x_wconf 91' lang='lat' dir='ltr'><strong>eorum</strong></span> <span class='ocrx_word' id='word_1_192' title='bbox 557 3392 727 3464; x_wconf 91' lang='lat' dir='ltr'><strong>generum</strong></span> <span class='ocrx_word' id='word_1_193' title='bbox 769 3370 870 3464; x_wconf 92' lang='lat' dir='ltr'><strong>qnasi</strong></span> <span class='ocrx_word' id='word_1_194' title='bbox 912 3369 1084 3464; x_wconf 90' lang='lat' dir='ltr'><strong>quaedam</strong></span> <span class='ocrx_word' id='word_1_195' title='bbox 1121 3368 1278 3442; x_wconf 89' lang='lat' dir='ltr'><strong>membra</strong></span> <span class='ocrx_word' id='word_1_196' title='bbox 1315 3370 1519 3466; x_wconf 80' lang='lat' dir='ltr'><strong>dispertiat3</strong></span> 
     </span>
     <span class='ocr_line' id='line_1_27' title="bbox 393 3477 1519 3575; baseline 0.002 -28"><span class='ocrx_word' id='word_1_197' title='bbox 393 3485 470 3548; x_wconf 92' lang='lat' dir='ltr'><strong>tum</strong></span> <span class='ocrx_word' id='word_1_198' title='bbox 503 3477 680 3573; x_wconf 90' lang='lat' dir='ltr'><strong>propriam</strong></span> <span class='ocrx_word' id='word_1_199' title='bbox 710 3478 882 3574; x_wconf 89' lang='lat' dir='ltr'><strong>cuiusque</strong></span> <span class='ocrx_word' id='word_1_200' title='bbox 913 3479 983 3550; x_wconf 91' lang='lat' dir='ltr'><strong>vim</strong></span> <span class='ocrx_word' id='word_1_201' title='bbox 1017 3478 1221 3550; x_wconf 89' lang='lat' dir='ltr'><strong>definitione</strong></span> <span class='ocrx_word' id='word_1_202' title='bbox 1247 3479 1417 3564; x_wconf 81' lang='lat' dir='ltr'><strong>declaret3</strong></span> <span class='ocrx_word' id='word_1_203' title='bbox 1442 3503 1519 3575; x_wconf 90' lang='lat' dir='ltr'><strong>per·</strong></span> 
     </span>
     <span class='ocr_line' id='line_1_28' title="bbox 393 3586 1520 3684; baseline 0.001 -27"><span class='ocrx_word' id='word_1_204' title='bbox 393 3586 519 3659; x_wconf 83' lang='lat' dir='ltr'><strong>factam</strong></span> <span class='ocrx_word' id='word_1_205' title='bbox 553 3596 664 3659; x_wconf 88' lang='lat' dir='ltr'><strong>artem</strong></span> <span class='ocrx_word' id='word_1_206' title='bbox 699 3587 786 3660; x_wconf 89' lang='lat' dir='ltr'><strong>iuris</strong></span> <span class='ocrx_word' id='word_1_207' title='bbox 824 3587 935 3661; x_wconf 90' lang='lat' dir='ltr'><strong>civilis</strong></span> <span class='ocrx_word' id='word_1_208' title='bbox 973 3587 1169 3673; x_wconf 90' lang='lat' dir='ltr'><strong>habebitis,</strong></span> <span class='ocrx_word' id='word_1_209' title='bbox 1207 3588 1321 3683; x_wconf 88' lang='lat' dir='ltr'><strong>magis</strong></span> <span class='ocrx_word' id='word_1_210' title='bbox 1355 3613 1520 3684; x_wconf 87' lang='lat' dir='ltr'><strong>magnam</strong></span> 
     </span>
    </p>
   </div>
   <div class='ocr_carea' id='block_1_5' title="bbox 394 3889 1521 4032">
    <p class='ocr_par' dir='ltr' id='par_1_5' title="bbox 394 3889 1521 4032">
     <span class='ocr_line' id='line_1_29' title="bbox 395 3889 1521 3956; baseline 0.001 -20"><span class='ocrx_word' id='word_1_211' title='bbox 395 3889 443 3947; x_wconf 87' lang='lat' dir='ltr'><strong>Qui</strong></span> <span class='ocrx_word' id='word_1_212' title='bbox 457 3903 532 3951; x_wconf 88' lang='lat' dir='ltr'><strong>porro</strong></span> <span class='ocrx_word' id='word_1_213' title='bbox 546 3895 604 3938; x_wconf 83' lang='lat' dir='ltr'><strong>sunt</strong></span> <span class='ocrx_word' id='word_1_214' title='bbox 616 3889 653 3937; x_wconf 89' lang='lat' dir='ltr'><strong>illi</strong></span> <span class='ocrx_word' id='word_1_215' title='bbox 666 3893 768 3938; x_wconf 76' lang='lat' dir='ltr'><strong>omnes?</strong></span> <span class='ocrx_word' id='word_1_216' title='bbox 800 3892 853 3938; x_wconf 88' lang='lat' dir='ltr'><strong>Nec</strong></span> <span class='ocrx_word' id='word_1_217' title='bbox 866 3889 932 3937; x_wconf 79' lang='lat' dir='ltr'><strong>cide-</strong></span> <span class='ocrx_word' id='word_1_218' title='bbox 980 3889 1070 3938; x_wconf 84' lang='lat' dir='ltr'><strong>dicitnr</strong></span> <span class='ocrx_word' id='word_1_219' title='bbox 1093 3905 1146 3939; x_wconf 83' lang='lat' dir='ltr'><strong>esse</strong></span> <span class='ocrx_word' id='word_1_220' title='bbox 1166 3891 1293 3939; x_wconf 71' lang='lat' dir='ltr'><strong>cuiusdam</strong></span> <span class='ocrx_word' id='word_1_221' title='bbox 1312 3905 1345 3938; x_wconf 74' lang='lat' dir='ltr'><strong>ee</strong></span> <span class='ocrx_word' id='word_1_222' title='bbox 1364 3893 1416 3939; x_wconf 78' lang='lat' dir='ltr'><strong>atio</strong></span> <span class='ocrx_word' id='word_1_223' title='bbox 1433 3905 1521 3956; x_wconf 68' lang='lat' dir='ltr'><strong>penem</strong></span> 
     </span>
     <span class='ocr_line' id='line_1_30' title="bbox 394 3966 1519 4032; baseline 0.004 -20"><span class='ocrx_word' id='word_1_224' title='bbox 394 3966 485 4015; x_wconf 80' lang='lat' dir='ltr'><strong>bantur</strong></span> <span class='ocrx_word' id='word_1_225' title='bbox 498 3968 541 4015; x_wconf 86' lang='lat' dir='ltr'><strong>illa</strong></span> <span class='ocrx_word' id='word_1_226' title='bbox 555 3968 656 4026; x_wconf 87' lang='lat' dir='ltr'><strong>diffusa,</strong></span> <span class='ocrx_word' id='word_1_227' title='bbox 675 3969 720 4017; x_wconf 85' lang='lat' dir='ltr'><strong>sed</strong></span> <span class='ocrx_word' id='word_1_228' title='bbox 733 3969 815 4015; x_wconf 66' lang='grc'>111111.</span> <span class='ocrx_word' id='word_1_229' title='bbox 976 3969 1142 4028; x_wconf 64' lang='lat' dir='ltr'><strong>mantiae,</strong></span> <span class='ocrx_word' id='word_1_230' title='bbox 1163 3969 1255 4032; x_wconf 82' lang='lat' dir='ltr'><strong>quippe</strong></span> <span class='ocrx_word' id='word_1_231' title='bbox 1272 3969 1338 4016; x_wconf 84' lang='lat' dir='ltr'><strong>hanc</strong></span> <span class='ocrx_word' id='word_1_232' title='bbox 1352 3983 1453 4031; x_wconf 80' lang='lat' dir='ltr'><strong>quoque</strong></span> <span class='ocrx_word' id='word_1_233' title='bbox 1465 3970 1519 4031; x_wconf 85' lang='lat' dir='ltr'><strong>phi·</strong></span> 
     </span>
    </p>
   </div>
   <div class='ocr_carea' id='block_1_6' title="bbox 430 4045 1604 4110">
    <p class='ocr_par' dir='ltr' id='par_1_6' title="bbox 430 4045 1604 4110">
     <span class='ocr_line' id='line_1_31' title="bbox 430 4045 1604 4110; baseline 0.007 -17"><span class='ocrx_word' id='word_1_234' title='bbox 430 4047 486 4094; x_wconf 87' lang='lat'><em>188.</em></span> <span class='ocrx_word' id='word_1_235' title='bbox 504 4047 569 4108; x_wconf 80' lang='lat' dir='ltr'><strong>quod</strong></span> <span class='ocrx_word' id='word_1_236' title='bbox 580 4048 627 4094; x_wconf 77' lang='lat' dir='ltr'><strong>sibi</strong></span> <span class='ocrx_word' id='word_1_237' title='bbox 641 4048 729 4094; x_wconf 84' lang='lat' dir='ltr'><strong>totam.</strong></span> <span class='ocrx_word' id='word_1_238' title='bbox 764 4045 878 4107; x_wconf 86' lang='lat' dir='ltr'><strong>Repudio</strong></span> <span class='ocrx_word' id='word_1_239' title='bbox 891 4045 931 4102; x_wconf 91' lang='lat' dir='ltr'><strong>id,</strong></span> <span class='ocrx_word' id='word_1_240' title='bbox 980 4047 1078 4109; x_wconf 78' lang='lat' dir='ltr'><strong>[asophi</strong></span> <span class='ocrx_word' id='word_1_241' title='bbox 1090 4047 1244 4097; x_wconf 78' lang='lat' dir='ltr'><strong>retinebant:</strong></span> <span class='ocrx_word' id='word_1_242' title='bbox 1259 4047 1327 4096; x_wconf 81' lang='lat' dir='ltr'><strong>conl.</strong></span> <span class='ocrx_word' id='word_1_243' title='bbox 1335 4049 1518 4110; x_wconf 78' lang='lat' dir='ltr'><strong>Legg.1.§62.</strong></span> <span class='ocrx_word' id='word_1_244' title='bbox 1603 4080 1604 4101; x_wconf 63' lang='grc'><strong>1</strong></span> 
     </span>
    </p>
   </div>
   <div class='ocr_carea' id='block_1_7' title="bbox 395 4123 1519 4188">
    <p class='ocr_par' dir='ltr' id='par_1_7' title="bbox 395 4123 1519 4188">
     <span class='ocr_line' id='line_1_32' title="bbox 395 4123 1519 4188; baseline 0.003 -18"><span class='ocrx_word' id='word_1_245' title='bbox 395 4123 462 4184; x_wconf 90' lang='lat' dir='ltr'><strong>quod</strong></span> <span class='ocrx_word' id='word_1_246' title='bbox 482 4124 652 4182; x_wconf 73' lang='lat' dir='ltr'><strong>conlocaram,</strong></span> <span class='ocrx_word' id='word_1_247' title='bbox 678 4139 751 4185; x_wconf 81' lang='lat' dir='ltr'><strong>qaam</strong></span> <span class='ocrx_word' id='word_1_248' title='bbox 771 4123 818 4171; x_wconf 77' lang='grc'>1111</span> <span class='ocrx_word' id='word_1_249' title='bbox 839 4125 931 4182; x_wconf 80' lang='lat' dir='ltr'><strong>totam,</strong></span> <span class='ocrx_word' id='word_1_250' title='bbox 1016 4127 1072 4174; x_wconf 87' lang='grc'>189.</span> <span class='ocrx_word' id='word_1_251' title='bbox 1090 4127 1519 4188; x_wconf 44' lang='lat' dir='ltr'><strong>coaequaverunt-nomina.</strong></span> 
     </span>
    </p>
   </div>
   <div class='ocr_carea' id='block_1_8' title="bbox 395 4201 1604 4262">
    <p class='ocr_par' dir='ltr' id='par_1_8' title="bbox 395 4201 1604 4262">
     <span class='ocr_line' id='line_1_33' title="bbox 395 4201 1604 4262; baseline -0.002 -12"><span class='ocrx_word' id='word_1_252' title='bbox 395 4201 560 4251; x_wconf 81' lang='grc'>1111111111.</span> <span class='ocrx_word' id='word_1_253' title='bbox 602 4204 654 4251; x_wconf 85' lang='lat' dir='ltr'><strong>Nae</strong></span> <span class='ocrx_word' id='word_1_254' title='bbox 674 4209 773 4262; x_wconf 86' lang='lat' dir='ltr'><strong>tamen,</strong></span> <span class='ocrx_word' id='word_1_255' title='bbox 795 4203 932 4250; x_wconf 84' lang='lat' dir='ltr'><strong>secundum</strong></span> <span class='ocrx_word' id='word_1_256' title='bbox 982 4205 1037 4252; x_wconf 86' lang='lat' dir='ltr'><strong>Nou</strong></span> <span class='ocrx_word' id='word_1_257' title='bbox 1051 4202 1171 4252; x_wconf 83' lang='lat' dir='ltr'><strong>attinebat</strong></span> <span class='ocrx_word' id='word_1_258' title='bbox 1184 4206 1265 4251; x_wconf 75' lang='lat' dir='ltr'><strong>omnia</strong></span> <span class='ocrx_word' id='word_1_259' title='bbox 1278 4205 1441 4253; x_wconf 80' lang='lat' dir='ltr'><strong>aamiaadici.</strong></span> <span class='ocrx_word' id='word_1_260' title='bbox 1459 4207 1520 4254; x_wconf 85' lang='lat' dir='ltr'><strong>Cor·</strong></span> <span class='ocrx_word' id='word_1_261' title='bbox 1603 4228 1604 4247; x_wconf 54' lang='grc'><strong>1</strong></span> 
     </span>
    </p>
   </div>
   <div class='ocr_carea' id='block_1_9' title="bbox 343 4280 1522 4657">
    <p class='ocr_par' dir='ltr' id='par_1_9' title="bbox 343 4280 1522 4423">
     <span class='ocr_line' id='line_1_34' title="bbox 394 4280 1521 4344; baseline 0.004 -17"><span class='ocrx_word' id='word_1_262' title='bbox 394 4280 561 4338; x_wconf 72' lang='lat' dir='ltr'><strong>strennuum,</strong></span> <span class='ocrx_word' id='word_1_263' title='bbox 583 4281 672 4329; x_wconf 84' lang='lat' dir='ltr'><strong>dicitur</strong></span> <span class='ocrx_word' id='word_1_264' title='bbox 691 4281 762 4328; x_wconf 80' lang='lat' dir='ltr'><strong>aliud</strong></span> <span class='ocrx_word' id='word_1_265' title='bbox 779 4295 857 4344; x_wconf 76' lang='lat' dir='ltr'><strong>penas</strong></span> <span class='ocrx_word' id='word_1_266' title='bbox 868 4281 934 4328; x_wconf 76' lang='lat' dir='ltr'><strong>artis</strong></span> <span class='ocrx_word' id='word_1_267' title='bbox 979 4280 1111 4342; x_wconf 79' lang='lat' dir='ltr'><strong>rigandum</strong></span> <span class='ocrx_word' id='word_1_268' title='bbox 1119 4287 1170 4339; x_wconf 82' lang='lat' dir='ltr'><strong>est,</strong></span> <span class='ocrx_word' id='word_1_269' title='bbox 1186 4283 1521 4344; x_wconf 56' lang='lat' dir='ltr'><strong>morinummontem—</strong></span> 
     </span>
     <span class='ocr_line' id='line_1_35' title="bbox 343 4359 1522 4423; baseline 0.003 -19"><span class='ocrx_word' id='word_1_270' title='bbox 343 4379 346 4384; x_wconf 91' lang='lat'>·</span> <span class='ocrx_word' id='word_1_271' title='bbox 394 4371 525 4406; x_wconf 66' lang='lat' dir='ltr'><strong>cacumen.</strong></span> <span class='ocrx_word' id='word_1_272' title='bbox 543 4359 665 4422; x_wconf 81' lang='lat' dir='ltr'><strong>Intelligit</strong></span> <span class='ocrx_word' id='word_1_273' title='bbox 678 4359 846 4418; x_wconf 82' lang='lat' dir='ltr'><strong>dialecticam,</strong></span> <span class='ocrx_word' id='word_1_274' title='bbox 859 4374 933 4420; x_wconf 87' lang='lat' dir='ltr'><strong>quam</strong></span> <span class='ocrx_word' id='word_1_275' title='bbox 976 4359 1104 4419; x_wconf 79' lang='lat' dir='ltr'><strong>partiam,</strong></span> <span class='ocrx_word' id='word_1_276' title='bbox 1120 4359 1216 4409; x_wconf 83' lang='lat' dir='ltr'><strong>abiecto</strong></span> <span class='ocrx_word' id='word_1_277' title='bbox 1223 4361 1387 4419; x_wconf 80' lang='lat' dir='ltr'><strong>illonomiac,</strong></span> <span class='ocrx_word' id='word_1_278' title='bbox 1402 4362 1522 4423; x_wconf 87' lang='lat' dir='ltr'><strong>quodper</strong></span> 
     </span>
    </p>

    <p class='ocr_par' dir='ltr' id='par_1_10' title="bbox 393 4434 1350 4499">
     <span class='ocr_line' id='line_1_36' title="bbox 393 4434 1350 4499; baseline 0.003 -16"><span class='ocrx_word' id='word_1_279' title='bbox 393 4439 470 4484; x_wconf 82' lang='lat' dir='ltr'><strong>totam</strong></span> <span class='ocrx_word' id='word_1_280' title='bbox 490 4434 536 4484; x_wconf 83' lang='lat' dir='ltr'><strong>sibi</strong></span> <span class='ocrx_word' id='word_1_281' title='bbox 556 4437 683 4486; x_wconf 86' lang='lat' dir='ltr'><strong>vindicant</strong></span> <span class='ocrx_word' id='word_1_282' title='bbox 698 4436 856 4498; x_wconf 81' lang='lat' dir='ltr'><strong>philosophi,</strong></span> <span class='ocrx_word' id='word_1_283' title='bbox 871 4451 931 4499; x_wconf 83' lang='lat' dir='ltr'><strong>qua-</strong></span> <span class='ocrx_word' id='word_1_284' title='bbox 981 4450 1091 4486; x_wconf 73' lang='lat' dir='ltr'><strong>errorem</strong></span> <span class='ocrx_word' id='word_1_285' title='bbox 1105 4438 1155 4486; x_wconf 90' lang='lat' dir='ltr'><strong>huc</strong></span> <span class='ocrx_word' id='word_1_286' title='bbox 1167 4438 1290 4486; x_wconf 78' lang='lat' dir='ltr'><strong>intrusum</strong></span> <span class='ocrx_word' id='word_1_287' title='bbox 1303 4443 1350 4487; x_wconf 82' lang='lat' dir='ltr'><strong>est.</strong></span> 
     </span>
    </p>

    <p class='ocr_par' dir='ltr' id='par_1_11' title="bbox 395 4514 1521 4575">
     <span class='ocr_line' id='line_1_37' title="bbox 395 4514 1521 4575; baseline 0.005 -15"><span class='ocrx_word' id='word_1_288' title='bbox 395 4527 443 4573; x_wconf 87' lang='lat' dir='ltr'><strong>que</strong></span> <span class='ocrx_word' id='word_1_289' title='bbox 463 4515 602 4563; x_wconf 87' lang='lat' dir='ltr'><strong>continetur</strong></span> <span class='ocrx_word' id='word_1_290' title='bbox 623 4515 665 4562; x_wconf 87' lang='lat' dir='ltr'><strong>illa</strong></span> <span class='ocrx_word' id='word_1_291' title='bbox 684 4527 742 4571; x_wconf 80' lang='lat' dir='ltr'><strong>ars,</strong></span> <span class='ocrx_word' id='word_1_292' title='bbox 758 4514 789 4561; x_wconf 87' lang='lat' dir='ltr'><strong>de</strong></span> <span class='ocrx_word' id='word_1_293' title='bbox 803 4529 852 4575; x_wconf 88' lang='lat' dir='ltr'><strong>qua</strong></span> <span class='ocrx_word' id='word_1_294' title='bbox 866 4529 934 4562; x_wconf 86' lang='lat' dir='ltr'><strong>nunc</strong></span> <span class='ocrx_word' id='word_1_295' title='bbox 1024 4516 1080 4564; x_wconf 87' lang='grc'>191.</span> <span class='ocrx_word' id='word_1_296' title='bbox 1098 4515 1217 4563; x_wconf 76' lang='lat' dir='ltr'><strong>homiaem</strong></span> <span class='ocrx_word' id='word_1_297' title='bbox 1245 4519 1390 4566; x_wconf 67' lang='lat' dir='ltr'><strong>acclamo</strong></span> <span class='ocrx_word' id='word_1_298' title='bbox 1415 4519 1521 4566; x_wconf 71' lang='lat' dir='ltr'><strong>maim</strong></span> 
     </span>
    </p>

    <p class='ocr_par' dir='ltr' id='par_1_12' title="bbox 394 4592 1521 4657">
     <span class='ocr_line' id='line_1_38' title="bbox 394 4592 1521 4657; baseline 0.004 -20"><span class='ocrx_word' id='word_1_299' title='bbox 394 4603 474 4639; x_wconf 83' lang='lat' dir='ltr'><strong>sermo</strong></span> <span class='ocrx_word' id='word_1_300' title='bbox 495 4597 539 4640; x_wconf 80' lang='lat' dir='ltr'><strong>ert.</strong></span> <span class='ocrx_word' id='word_1_301' title='bbox 575 4592 614 4640; x_wconf 91' lang='lat' dir='ltr'><strong>Sic</strong></span> <span class='ocrx_word' id='word_1_302' title='bbox 637 4598 649 4650; x_wconf 69' lang='lat'><strong>5</strong></span> <span class='ocrx_word' id='word_1_303' title='bbox 673 4592 932 4641; x_wconf 76' lang='grc'>193111111111111111</span> <span class='ocrx_word' id='word_1_304' title='bbox 981 4595 1085 4655; x_wconf 67' lang='lat' dir='ltr'><strong>iugenio.</strong></span> <span class='ocrx_word' id='word_1_305' title='bbox 1127 4597 1182 4643; x_wconf 88' lang='lat' dir='ltr'><strong>Non</strong></span> <span class='ocrx_word' id='word_1_306' title='bbox 1203 4593 1291 4643; x_wconf 82' lang='lat' dir='ltr'><strong>abutar</strong></span> <span class='ocrx_word' id='word_1_307' title='bbox 1311 4595 1459 4657; x_wconf 81' lang='lat' dir='ltr'><strong>cuiusquam</strong></span> <span class='ocrx_word' id='word_1_308' title='bbox 1473 4596 1521 4646; x_wconf 78' lang='lat' dir='ltr'><strong>otio</strong></span> 
     </span>
    </p>
   </div>
   <div class='ocr_carea' id='block_1_10' title="bbox 0 0 1626 5492">
    <p class='ocr_par' dir='ltr' id='par_1_13' title="bbox 0 0 1626 5492">
     <span class='ocr_line' id='line_1_39' title="bbox 0 0 1626 5492; baseline 0 0"><span class='ocrx_word' id='word_1_309' title='bbox 0 0 1626 5492; x_wconf 95' lang='lat' dir='ltr'><strong> </strong></span> 
     </span>
    </p>
   </div>
  </div>
 </body>
</html>
