3242 5500
394 539 465 608 234
510 506 518 518 ⁹
707 556 821 604 arana
848 555 1050 604 sncunons.
1080 538 1097 617 l
1123 537 1207 608 277.

392 742 454 801 tac
477 727 552 800 colo
574 740 607 798 et
632 728 741 801 lanc?
766 725 951 822 Noa-pol,
977 726 1115 822 inquit,
1141 726 1273 808 cadem·
1299 751 1384 799 corn
1406 725 1506 799 nand

387 833 549 932 factores
569 835 676 908 veluit
695 850 808 910 mater
830 836 996 910 accedere.

319 944 366 1011 69
441 945 539 1016 Salsa
570 954 653 1017 sunt
683 945 810 1031 etiam,
847 969 936 1041 quae
961 942 1093 1016 habent
1118 945 1354 1040 suspicionem
1382 943 1505 1017 ridiculi
1599 937 1600 1014 ἷ

320 1068 366 1118 27⁸
391 1053 745 1149 absconditamz'quo
765 1055 803 1126 in
829 1077 956 1149 genere
979 1060 1033 1126 est
1058 1053 1166 1126 Siculi
1186 1053 1288 1140 illud,
1313 1053 1388 1150 qui,
1410 1077 1504 1148 quum
1598 1061 1600 1116 l

391 1163 571 1236 familiaris
616 1163 760 1258 quidam
805 1170 1028 1258 quereretur,
1073 1162 1169 1258 quod
1207 1162 1339 1235 diceret
1375 1186 1504 1234 uxoren
1598 1183 1600 1248 j

392 1297 491 1344 suam
524 1271 751 1368 suspendisse
785 1296 822 1344 se
857 1272 901 1345 de
933 1273 1023 1357 ficu,
1058 1270 1193 1344 Amabo
1226 1284 1274 1356 te,
1310 1271 1445 1367 inquit,
1467 1269 1505 1342 da
1598 1351 1600 1360 ,

391 1379 477 1453 milri
507 1405 548 1453 aa
576 1380 648 1454 istc
678 1380 816 1462 arbore,
850 1404 1084 1476 caussarum,
1109 1381 1274 1454 surculos.
1327 1380 1372 1453 In
1391 1380 1504 1457 eodem
1599 1393 1600 1422 ²

392 1514 530 1586 genere.
553 1498 626 1575 est,
662 1490 758 1586 quod
795 1490 943 1562 Catulus
980 1490 1069 1563 dixit
1091 1490 1231 1562 cuidam
1254 1490 1383 1562 oratori
1407 1487 1502 1572 malo;

391 1599 473 1694 qui,
500 1622 611 1694 quum
631 1599 669 1670 in
695 1599 836 1695 epilogo
859 1599 1132 1672 misericordiam
1151 1625 1187 1673 se
1200 1600 1351 1672 movisse
1364 1602 1503 1694 putaret,

391 1717 578 1805 postquam
601 1708 752 1794 assedit,
778 1709 915 1804 rogavit
939 1707 1054 1793 hunc,
1080 1707 1304 1781 videreturne
1326 1708 1502 1782 misericor·

391 1817 486 1889 diam
520 1816 688 1890 movisse:
724 1817 778 1889 Ac
806 1841 973 1913 mappam
1006 1817 1158 1912 quidem,
1187 1818 1324 1914 inquit:
1351 1815 1504 1892 nominem

391 1925 482 1999 enim
497 1938 589 2020 puto
608 1949 678 1999 esse
700 1924 934 2009 tamdictum,
954 1926 1305 2000 coinonorctiotaa
1320 1923 1504 2000 miseranda
1599 1977 1600 1980 ,

319 2058 366 2106 rra
391 2035 467 2110 oisc
478 2035 536 2107 sit.
560 2034 622 2106 Me
635 2035 779 2130 quidem
790 2034 931 2112 hercule
943 2036 1049 2108 etiam
1060 2036 1120 2108 illa
1129 2036 1230 2108 valde
1240 2043 1382 2108 movent
1392 2043 1502 2108 stoma·
1598 2077 1600 2134 2

392 2145 497 2218 chosa
521 2152 557 2216 et
580 2144 682 2238 quasi
707 2143 912 2217 submorosa
935 2145 1102 2230 ridicula,
1129 2169 1240 2241 quum
1257 2170 1329 2218 non
1347 2169 1368 2216 a
1383 2167 1503 2218 moroso

393 2255 578 2339 dicuntur;
613 2262 691 2325 tum
726 2253 821 2325 enim
846 2278 917 2325 non
945 2256 1015 2339 sal,
1044 2253 1105 2326 sed
1127 2262 1253 2327 natura
1277 2254 1419 2326 ridetur.
1467 2252 1502 2320 ln

394 2388 485 2460 quc,
524 2371 564 2434 ut
600 2361 687 2434 mihi
718 2362 875 2449 videtur,
913 2363 1108 2458 persalsum
1138 2349 1230 2436 illud
1252 2372 1306 2436 est
1331 2362 1421 2459 apud
1443 2361 1502 2432 Nc-

393 2474 509 2557 vium3
943 2463 953 2472 ’

757 2620 806 2631 -
835 2577 930 2663 Quid
950 2580 1070 2674 ploras
1082 2581 1215 2675 poter?

442 2690 594 2773 Mirum,
619 2689 658 2763 ni
679 2702 838 2763 contem:
864 2688 1109 2764 condemnatus
1130 2713 1215 2763 scra.
1598 2770 1599 2787 ἶ

394 2800 490 2873 Huic
524 2800 645 2895 generi
678 2800 779 2894 quasi
815 2799 1029 2871 contrarium
1067 2808 1118 2871 est
1153 2800 1297 2873 ridiculi
1324 2822 1431 2894 genus
1451 2821 1502 2893 pa·
1598 2788 1599 2791 '

394 2909 515 2983 tientis
539 2934 579 2980 ac
599 2908 703 2993 lenti;
730 2916 790 2998 ut,
815 2933 926 3004 quum
953 2908 1040 2980 Cato
1063 2933 1251 3005 percussus
1277 2907 1429 2982 essetab
1452 2931 1502 2989 e0,

394 3018 456 3114 qui
487 3041 601 3089 arcam
635 3016 790 3104 ferebat,
829 3042 940 3113 quum
965 3017 1025 3089 ille
1048 3018 1199 3104 diceret,
1231 3012 1339 3105 Caco,
1364 3015 1501 3111 rogavit,

321 3160 369 3206 aso
394 3124 566 3220 numquid
582 3125 683 3199 aliud
698 3121 813 3220 ferret
826 3139 965 3221 practer
979 3126 1125 3199 arcam?
1149 3128 1212 3198 Est
1229 3128 1336 3199 etiam
1353 3124 1502 3199 stultitiae

399 3236 490 3308 salsa
522 3234 765 3331 reprehensio;
804 3245 845 3308 ut
881 3235 941 3307 ille
975 3236 1132 3322 Siculus
1158 3237 1215 3309 cui
1240 3251 1378 3333 praetor
1400 3233 1501 3329 Scipio
1596 3294 1598 3319 ,

395 3353 583 3441 patronum
614 3368 739 3416 causae
774 3343 880 3417 dabat
902 3344 1078 3439 hospitem
1103 3370 1227 3431 sunm,
1253 3344 1426 3417 homiuem
1447 3366 1500 3413 no·

360 3508 369 3525 .
395 3454 523 3539 bilem,
550 3452 612 3525 sed
632 3453 823 3525 admodum
845 3454 1031 3539 stultum,
1046 3451 1192 3537 Quaere,
1216 3454 1353 3549 inquit,
1366 3463 1501 3549 praetor,

393 3561 591 3636 adversario
621 3585 695 3635 meo
726 3562 773 3635 cla
801 3562 909 3635 istum
924 3574 1139 3656 patronum
1165 3562 1286 3636 <triade
1306 3562 1390 3635 milri
1409 3558 1500 3633 nerni-

369 3658 476 3745 'nem'
505 3671 647 3743 (terteris.
700 3671 846 3743 Movent
880 3670 940 3744 illa
972 3672 1078 3743 etiam
1111 3695 1201 3768 quae
1233 3672 1427 3743 coniectura
1450 3691 1499 3738 en·

394 3780 583 3876 placantur
619 3779 723 3875 longe
758 3779 860 3851 aliter
895 3788 998 3875 atque
1040 3788 1143 3865 sunt,
1180 3780 1241 3853 sed
1277 3788 1378 3851 acute
1410 3785 1500 3871 atque

394 3888 578 3974 concinne;
595 3897 635 3960 ut
659 3914 770 3984 quum
794 3890 944 3961 Scaurus
961 3897 1139 3961 accusaret
1156 3889 1333 3961 Rutilium
1346 3886 1498 3965 ambitus,

393 4264 491 4315 cuntur,
505 4262 631 4319 tamquam
645 4257 677 4305 de
691 4271 756 4306 novo
767 4271 869 4319 ponere,
884 4272 932 4306 aon
982 4258 1052 4305 liaris
1072 4284 1113 4305 -.
1148 4259 1187 4305 De
1207 4270 1263 4305 meo
1284 4256 1379 4305 correxi
1398 4254 1447 4317 qut,
1460 4264 1498 4311 pro

392 4337 470 4386 rideri
482 4337 627 4399 intempore,
640 4335 847 4399 quodintellr'por.
862 4338 930 4395 Mox,
981 4350 1023 4393 eo,
1039 4335 1105 4396 quod
1119 4349 1133 4383 e
1147 4333 1216 4383 libris
1230 4334 1359 4392 edisolet,
1373 4334 1424 4389 cui,
1436 4341 1497 4391 quam
1595 4346 1596 4375 r

394 4420 407 4473 ξ
426 4415 487 4472 276,
509 4414 619 4477 corrigo,
642 4415 668 4459 et
684 4416 765 4475 iprum
783 4416 853 4463 intus
872 4428 930 4462 esse.
980 4412 1098 4461 Dativum
1112 4426 1192 4473 neque
1205 4411 1310 4463 verbum
1318 4404 1496 4473 quereremu-

393 4494 469 4549 Tum,
485 4496 497 4549 ξ
513 4494 576 4549 277,
592 4494 678 4541 amica.
980 4490 1076 4547 sciscit,
1094 4505 1175 4551 neque
1188 4486 1293 4552 sequ'ens
1308 4492 1395 4552 lnquit.
1419 4484 1496 4534 rodem

427 4570 483 4619 278.
503 4569 579 4617 Siculi
592 4570 668 4629 illud,
690 4572 745 4632 qui,
765 4586 839 4631 quum
848 4570 929 4628 sami·
980 4570 1054 4618 modo
1068 4584 1151 4630 supra,
1166 4574 1178 4627 ξ
1193 4571 1250 4626 253,
1263 4569 1313 4630 qni,
1327 4584 1409 4630 qaum,
1423 4575 1495 4626 quam·
