3242 5500
446 591 557 639 urana
586 590 754 638 ruamus
783 573 800 653 §
830 573 909 640 139.
1169 574 1238 642 335

115 764 390 860 paminondam,
417 763 511 835 haud
535 764 605 835 scio
625 787 670 834 an
695 787 871 834 summum
898 762 1011 833 virum
1031 787 1142 836 unum
1166 789 1239 837 orn·

115 874 173 944 nis
209 875 402 946 Graeciae?
439 882 500 944 aut
536 871 734 968 Xenophon
770 871 1005 967 Agesilaum?
1039 880 1098 943 aut
1122 873 1239 945 Philo-

116 983 194 1054 laus
214 983 408 1079 Archytam
429 983 681 1054 Tarentinum?
707 989 768 1053 aut
793 983 869 1076 ipse
893 980 1110 1076 Pythagoras
1131 991 1242 1055 totam

116 1092 216 1164 illam
237 1102 390 1164 veterem
414 1092 538 1164 Italiae
561 1091 762 1176 Graeciam,
791 1115 882 1185 quae
910 1090 1088 1186 quondam
1110 1090 1243 1187 Magna

115 1203 267 1273 vocitata
290 1201 366 1274 est?
390 1201 565 1296 Equidem
588 1224 659 1272 non
684 1199 844 1272 arbitror.

169 1312 227 1384 Sic
240 1311 335 1382 enirn
350 1310 464 1396 video,
490 1334 598 1381 unam
616 1310 805 1405 quamdam
823 1309 980 1381 omnium
998 1335 1131 1396 rerum,
1153 1336 1242 1407 quae
1269 1322 1313 1390 35

117 1429 237 1492 essent
272 1421 414 1492 homine
443 1420 579 1492 erudito
604 1418 732 1513 dignae
757 1427 860 1514 atque
883 1443 943 1504 ee,
971 1420 1093 1514 quiin
1119 1445 1156 1491 re
1176 1446 1241 1516 pu·
1270 1448 1317 1492 no
1343 1413 1354 1422 ’

117 1530 211 1601 blica
244 1530 349 1601 vellet
383 1529 571 1614 excellere,
597 1529 705 1600 fuisse
730 1529 943 1613 doctrinam;
971 1553 1077 1623 quam
1103 1530 1164 1624 qui
1187 1555 1241 1602 ac·
1351 1519 1355 1527 ¹

117 1640 313 1734 cepissent,
340 1640 370 1711 si
394 1639 501 1711 iidem
526 1639 669 1733 ingenio
698 1633 759 1732 [ad
775 1633 1094 1734 pronuntiandum]
1114 1639 1241 1710 valuis-

119 1758 217 1834 sent,
266 1757 302 1820 et
340 1773 377 1819 se
413 1748 457 1818 ad
493 1747 683 1819 dicendum
717 1771 877 1842 quoque,
915 1771 986 1817 non
1023 1757 1243 1844 repugnante

117 1867 265 1942 natura,
292 1857 492 1943 dedissent,
520 1856 720 1952 eloquentia
741 1856 967 1952 praestitisse.
1020 1856 1146 1951 Itaque
1168 1858 1244 1953 ipse
1271 1885 1313 1930 141

116 1968 350 2053 Aristoteles,
377 1991 488 2063 quum
506 1967 628 2038 florere
645 1967 834 2040 Isocratem
853 1965 1036 2036 nobilitate
1054 1966 1243 2062 discipulo·

116 2103 198 2148 rum
230 2077 364 2148 videret
403 2072 537 2172 [,qu0d
573 2076 648 2171 ipse
685 2100 764 2147 suas
798 2073 1054 2170 disputationes
1087 2078 1241 2148 acausis

117 2185 319 2259 forensibus
349 2193 382 2257 et
410 2185 572 2256 civilibus
601 2184 645 2255 ad
669 2185 808 2255 inanem
837 2183 1005 2254 sermonis
1030 2184 1241 2279 elegantiam

115 2291 397 2390 transtulissetl,
436 2293 584 2366 mutavit
621 2302 765 2388 repente
804 2301 915 2365 totam
951 2293 1098 2363 sormam
1133 2318 1242 2390 prope

117 2405 328 2500 disciplinae
364 2428 465 2489 suae,
503 2427 713 2498 versumque
754 2399 942 2498 quemdam
979 2402 1022 2474 de
1047 2400 1242 2476 Philocteta

117 2516 240 2612 paullo
275 2538 374 2586 secus
401 2513 507 2584 dixit:
535 2512 594 2583 ille
619 2513 713 2583 enirn
739 2525 838 2606 turpe
863 2510 930 2582 sibi
952 2511 1001 2582 ait
1024 2535 1093 2584 esse
1113 2525 1241 2600 tacere,

116 2650 227 2720 quum
260 2622 441 2709 burburus,
477 2622 534 2694 hic
566 2633 702 2706 autern,
729 2646 835 2715 quarn
857 2618 1046 2692 Isocratem
1064 2635 1244 2716 poteratur

117 2735 242 2808 dicere.
304 2732 428 2829 Itaque
462 2732 598 2804 ornavit
632 2740 667 2803 et
702 2730 890 2803 illustravit
922 2729 1116 2803 doctrinam
1146 2732 1243 2806 illam

117 2868 283 2929 omnem,
318 2866 505 2938 rerumque
526 2840 762 2937 cognitionem
785 2865 866 2912 cum
888 2840 1054 2911 orationis
1076 2843 1241 2914 exercita·

117 2955 217 3025 tione
241 2951 435 3024 coniunxit.
477 2952 613 3047 -Neque
637 2972 717 3021 vero
742 2950 806 3022 hoc
828 2950 921 3043 sugit
945 2950 1243 3045 sapientissimum
1270 3014 1276 3033 ,

116 3087 261 3159 regern,
288 3060 513 3156 Philippum,
540 3060 602 3156 qui
622 3059 717 3132 hunc
737 3059 939 3130 Alexandro
963 3058 1036 3131 filio
1066 3059 1243 3133 doctorem

117 3172 282 3256 sociarit,
308 3196 328 3241 a
352 3193 421 3264 quo
442 3170 563 3241 eodem
585 3169 644 3239 ille
667 3177 702 3239 et
722 3168 852 3262 agendi
871 3169 1044 3264 acciperet
1060 3178 1245 3266 praecepta

119 3291 155 3354 et
172 3281 374 3377 eloquendi.
403 3280 520 3364 Nunc,
539 3280 610 3351 sive
628 3280 689 3372 qui
706 3278 797 3349 volet
809 3303 890 3349 cum
903 3278 1163 3374 philosophum,
1182 3281 1242 3377 qui
1269 3305 1316 3349 142

118 3392 260 3487 copiam
280 3390 382 3461 nobis
406 3413 522 3460 rerum
545 3387 780 3483 orationisque
804 3386 939 3472 tradat,
966 3412 1028 3483 per
1050 3412 1106 3459 me
1123 3389 1242 3485 appel-

119 3503 168 3573 let
200 3507 371 3571 oratorem
394 3498 492 3583 licet3
518 3498 588 3568 sive
612 3497 707 3568 hunc
730 3503 920 3580 oratorem,
947 3521 1052 3591 quern
1078 3522 1143 3591 ego
1167 3499 1244 3570 dico

119 3841 229 3901 primum
250 3839 308 3887 inde
329 3839 471 3895 conficitur,
493 3840 560 3900 quod
572 3840 660 3888 vitiose
744 3841 800 3886 141.
828 3838 905 3900 [quod
927 3838 977 3897 ipse
997 3864 1029 3873 ·—
1051 3839 1243 3901 transtulisset}

120 3919 213 3966 dieitur
233 3919 329 3981 inqeaio
349 3920 430 3965 enlm
449 3919 483 3965 ad
499 3920 570 3980 quid,
585 3933 660 3979 quum
711 3918 827 3967 Concedo
841 3930 908 3964 nune
920 3916 1056 3973 Ellendtio,
1072 3916 1133 3965 haec
1147 3918 1243 3967 alienis·

121 3997 230 4057 simplex
243 3998 340 4059 tapecia
351 3999 432 4045 calm
444 3997 579 4044 rectissime
592 3997 660 4043 dica·
709 3996 770 4043 sima
789 4010 844 4043 esse
858 4010 871 4042 a
884 3995 1009 4056 praesenti
1022 3996 1201 4057 disputatione,
1221 4002 1246 4045 et

120 4078 176 4121 tur:
196 4080 267 4132 tum,
285 4076 453 4135 pronuntiare
470 4074 511 4138 (nt
531 4076 566 4123 ΙΙ.
589 4073 661 4137 979)
711 4072 825 4121 absurda'.
861 4074 910 4121 Sed
927 4074 980 4135 ipsa
993 4087 1091 4134 quoque
1104 4073 1180 4122 verba
1194 4090 1245 4123 ser·

121 4154 327 4217 nontapeaitest,
343 4153 512 4202 seducturus:
526 4158 661 4215 postremo,
710 4152 790 4211 monis
802 4152 946 4213 proprietati
960 4152 1129 4200 adversantur.
1159 4155 1245 4215 Neque

121 4232 159 4278 ad
176 4232 307 4279 dicendum
326 4247 353 4279 se
372 4231 474 4291 dedere,
492 4232 595 4279 nimium
609 4236 661 4288 est,
711 4231 890 4290 disputationes
910 4231 958 4277 atto
972 4230 1116 4289 transferre
1128 4236 1195 4279 recte
1209 4231 1247 4277 di-

122 4310 218 4371 quippe
232 4310 258 4357 in
272 4310 375 4358 dicendo
388 4311 440 4372 ipsa
454 4310 662 4370 eloquentiacon·
712 4309 787 4366 citur,
806 4322 887 4369 neque
902 4309 1082 4367 disputationes
1100 4307 1173 4356 tribui
1187 4324 1245 4370 pos-

120 4389 226 4437 tinetnr.
268 4390 356 4450 Itaque
383 4389 521 4436 necessario
540 4390 609 4436 locus
628 4388 664 4435 sic
712 4391 770 4435 sunt
783 4388 864 4434 causis
865 4386 1018 4447 forensibus,
1032 4387 1247 4447 multoqueminus
1273 4388 1280 4397 ⁸

121 4467 172 4515 erit
198 4468 396 4515 constituendus:
424 4469 447 4513 si
474 4468 547 4514 tidem
568 4467 664 4526 ingenio
713 4480 769 4512 cum
783 4466 852 4511 inusti
865 4465 1246 4527 sermontseteqaatiaconiungi:

119 4545 271 4601 salutemet,
300 4548 326 4592 et
352 4561 378 4592 se
402 4546 436 4592 ad
452 4544 664 4606 pronuntiandum
713 4558 794 4605 neque
822 4544 873 4591 ulla
901 4543 1021 4603 elegantis
1044 4542 1125 4590 inanis
1146 4545 1248 4606 eogitari

122 4637 222 4683 qaoque
236 4651 276 4671 -.
714 4626 803 4683 potest.
