3242 5500
370 560 440 628 240
682 574 794 623 amna
822 572 1024 624 sncunnus.
1053 555 1070 634 §
1096 554 1179 622 294.

369 749 533 822 facillimo
558 747 721 819 videntur
750 748 951 841 (quoniam,
973 770 1063 840 quae
1084 744 1278 817 difficiliora
1300 752 1400 829 sunt,
1422 768 1488 814 non

369 862 547 955 possum),
573 856 661 929 mihi
685 882 747 953 pro
771 880 850 927 meo
875 854 950 928 iure
971 880 1091 928 sumo:
1118 878 1247 939 unum,
1268 860 1310 924 ut
1328 854 1488 937 molesto,

368 978 429 1041 aut
462 966 595 1040 difficili
625 973 851 1061 argumento,
875 973 937 1037 aut
958 965 1034 1037 loco
1059 986 1328 1059 nonnumquam
1351 963 1489 1033 omnino

369 1077 459 1151 nihil
493 1076 742 1172 respondeam;
777 1074 873 1170 quod
907 1074 1053 1147 forsitan
1077 1074 1205 1171 aliquis
1228 1074 1305 1144 iure
1327 1072 1487 1143 irriserit:

369 1188 448 1283 quis
473 1186 568 1257 enim
591 1194 660 1271 est,
686 1185 747 1279 qui
772 1184 810 1257 id
832 1185 944 1256 facere
966 1208 1036 1255 non
1063 1183 1197 1279 possit?
1218 1182 1280 1254 sed
1297 1191 1418 1255 tamen
1431 1205 1490 1277 ego

369 1297 412 1367 de
444 1320 521 1367 mea
550 1319 665 1381 nunc,
699 1318 770 1365 non
797 1295 841 1365 de
865 1294 1013 1365 aliorum
1037 1292 1203 1366 facultate
1227 1293 1391 1388 disputo,
1415 1316 1488 1363 con·

369 1407 539 1500 fiteorque
569 1427 645 1490 me,
681 1403 710 1475 si
744 1427 814 1498 qua
845 1412 980 1499 premat
1007 1427 1062 1475 res
1084 1402 1347 1487 vehementius,
1372 1402 1422 1473 ita
1440 1425 1488 1473 oe·

370 1515 452 1586 dere
485 1514 614 1599 solere,
649 1520 687 1583 ut
717 1536 789 1584 non
819 1512 924 1584 modo
943 1537 1015 1584 non
1037 1512 1191 1598 abiecto,
1219 1512 1280 1583 sed
1302 1536 1348 1583 ne
1370 1512 1489 1583 reiecto

340 1660 344 1669 ·
372 1624 515 1721 quidem
549 1630 646 1695 scuto
676 1618 798 1717 sugere
820 1622 959 1707 videar,
985 1622 1047 1694 sed
1068 1622 1234 1695 adhibere
1256 1622 1437 1718 quandam
1456 1624 1488 1693 in

370 1733 519 1807 dicendo
553 1734 704 1828 speciem
741 1738 848 1827 atque
883 1756 1069 1829 pompam,
1102 1741 1137 1805 et
1172 1756 1313 1829 pugnae
1344 1733 1489 1804 similem

370 1845 512 1938 lugam,
550 1841 739 1914 consistere
775 1866 857 1913 vero
888 1842 925 1913 in
961 1866 1039 1914 meo
1067 1842 1241 1937 praesidio
1264 1845 1334 1929 sic,
1349 1846 1403 1915 'ut
1425 1867 1488 1915 non

371 1951 531 2049 fugiendi
555 1950 687 2036 hostis,
714 1950 776 2022 sed.
796 1951 959 2047 capiendi
980 1952 1047 2024 loci
1070 1976 1175 2024 causa
1196 1952 1342 2024 cessisse
1365 1954 1491 2025 videar.-

298 2093 345 2138 ros
371 2064 532 2135 Alterum
558 2060 744 2147 est'illud‚
768 2060 865 2156 quod
885 2086 951 2156 ego
975 2062 1103 2134 oratori
1127 2062 1278 2134 maxime
1300 2064 1488 2134 cavendum

372 2183 406 2246 et
442 2169 698 2268 providendum
734 2178 842 2265 puto,
875 2170 1042 2266 quodque
1068 2196 1125 2243 me
1147 2172 1333 2244 sollicitare
1360 2196 1489 2244 summe

372 2283 476 2368 solet;
505 2304 576 2352 non
607 2289 680 2352 tarn
711 2288 751 2351 ut
781 2280 912 2374 prosim
933 2281 1047 2354 causis
1069 2280 1225 2353 laborare
1249 2282 1366 2368 soleo,
1390 2305 1488 2377 quam

371 2402 411 2465 ut
435 2416 480 2463 ne
504 2386 591 2486 quid
610 2388 742 2461 obsim:
768 2413 839 2459 non
866 2390 951 2485 quin
977 2390 1182 2463 enitendum
1207 2391 1253 2463 sit
1277 2392 1314 2463 in
1328 2399 1487 2486 utroque;

372 2501 434 2574 sed
470 2508 588 2572 tamen
623 2499 735 2570 multo
768 2507 822 2570 est
855 2499 994 2595 turpius
1030 2498 1157 2571 oratori
1189 2500 1351 2573 nocuisse
1387 2500 1489 2573 videri

371 2635 514 2696 causae,
540 2631 646 2704 quam
668 2631 738 2678 non
764 2608 947 2703 profuisse.

299 2735 344 2807 73
416 2720 490 2792 sed
524 2717 610 2816 quid
645 2716 710 2789 hoc
737 2717 813 2790 loco
837 2741 897 2790 vos
921 2718 1117 2804 intervos,
1145 2718 1295 2792 Catule?
1317 2742 1362 2791 an
1389 2719 1487 2804 haec,

370 2840 410 2905 ut
453 2837 536 2903 sunt
570 2827 842 2914 contemnenda,
877 2829 1123 2901 contemnitis?
1173 2829 1340 2915 Minime,
1379 2831 1488 2926 inquit

370 2942 446 3024 ille,
481 2938 543 3012 sed
577 2937 704 3009 Caesar
736 2937 780 3010 de
804 2937 873 3010 isto
897 2938 973 3034 ipso
997 2937 1166 3034 quiddam
1191 2939 1278 3010 velle
1303 2938 1419 3011 dicere
1441 2938 1486 3010 vi-

371 3049 530 3122 debatur.
566 3047 628 3119 Me
652 3071 732 3118 vero
756 3046 922 3134 lubente,
948 3047 1065 3143 inquit
1088 3048 1285 3134 Antonius,
1314 3044 1484 3144 [dixerit]

298 3191 346 3236 css
372 3161 443 3233 sive
465 3156 648 3229 refellendi
671 3181 794 3243 causa,
819 3157 890 3228 sive
912 3157 1114 3252 quaerendi.
1148 3158 1239 3229 Tum
1262 3157 1393 3245 Iulius,
1416 3159 1488 3254 Ego

372 3264 586 3351 mehercule,
619 3265 756 3360 inquit,
789 3266 947 3354 Antoni,
985 3291 1121 3364 semper
1156 3267 1281 3370 isfui,
1307 3268 1369 3364 qui
1392 3269 1436 3340 de
1456 3276 1488 3340 te

371 3386 504 3452 oratore
535 3375 586 3448 sic
613 3374 868 3472 praedicarem,
901 3400 1013 3447 unum
1036 3384 1072 3448 te
1096 3376 1132 3447 in
1158 3376 1307 3448 dicendo
1331 3377 1420 3450 mihi
1443 3377 1487 3448 vi·

371 3683 410 3728 rat
423 3675 508 3726 cedere
520 3673 606 3721 some.
625 3669 698 3729 Quod
712 3671 908 3730 autemadditur,
957 3671 1053 3720 finitum
1067 3670 1229 3720 omittendum
1242 3683 1296 3719 esse
1309 3669 1357 3718 disi
1369 3671 1402 3718 ad
1415 3672 1489 3729 5299.

372 3759 447 3819 atque
461 3766 592 3828 poppam,
613 3748 656 3797 vix
668 3747 787 3796 credibile
802 3749 850 3796 hoc
863 3764 908 3798 no·
991 3752 1040 3800 296
1068 3753 1120 3798 tum
1137 3748 1226 3798 Iulias.
1261 3748 1440 3812 Corrigendum
1455 3749 1488 3797 vi·

372 3835 439 3883 mine
458 3831 484 3879 in
504 3827 628 3892 praesenti
641 3841 668 3876 re
683 3841 754 3875 usum
769 3841 822 3876 esse
837 3828 909 3877 Cice·
957 3828 1025 3886 deri,
1041 3829 1094 3877 tam
1106 3829 1163 3886 ille,
1178 3827 1227 3875 dixi
1240 3827 1273 3875 ad
1285 3832 1298 3886 ξ
1312 3829 1368 3876 229.

372 3925 468 3962 ronem.
493 3908 569 3958 Aliud
584 3906 826 3968 cstfuqaespecies‚
842 3907 910 3969 apud
991 3906 1065 3968 idque
1078 3907 1195 3955 memoria
1209 3907 1286 3954 teneo.
1311 3909 1435 3964 Quorsum
1448 3906 1489 3953 idi

374 3989 473 4040 Livium
487 3986 573 4034 xxn.
589 3985 630 4033 32.
645 3985 668 4032 3.
958 3984 1073 4046 Sequitur
1086 3985 1152 4032 enim
1166 3983 1291 4033 obiectum
1303 3984 1328 4031 in
1335 3983 1385 4041 his,
1401 3983 1490 4031 durare

406 4069 464 4117 295.
482 4064 578 4112 oratori
591 4062 705 4111 macinae.
724 4062 828 4111 Restitui
843 4060 910 4111 hunc
957 4079 1004 4110 me.
1039 4062 1236 4126 corrigendum,
1254 4065 1337 4124 atqcue.

372 4147 494 4198 ordinem.
516 4140 648 4192 Novissimi
661 4141 789 4196 Editores‚
803 4143 911 4190 menime
992 4155 1047 4190 cum
1060 4140 1104 4189 hoc
1120 4142 1246 4204 [Crasso]
1262 4142 1332 4189 Bene
1338 4140 1414 4188 sensit
1420 4139 1489 4189 Orel-

372 4225 483 4283 oratori,
498 4236 555 4271 cum
569 4219 704 4269 sentcntiae
718 4219 876 4268 detrimento.
957 4219 1014 4278 lius,
1029 4222 1125 4268 Nomen
1139 4220 1268 4282 proprium
1281 4218 1488 4267 tollendumesse:

407 4304 519 4351 laborare
538 4301 610 4348 soleo.
645 4297 685 4346 Sic
705 4297 736 4347 de
756 4311 813 4345 meo
834 4297 909 4345 edidi.
958 4297 1025 4346 conf.
1043 4299 1102 4356 κάς
1119 4299 1165 4347 197
1180 4303 1206 4347 et
1221 4299 1280 4346 124:
1294 4297 1390 4358 fecique
1406 4297 1489 4351 modo,

372 4383 448 4446 Vulg.
463 4381 604 4435 elaborare,
619 4375 686 4437 quod
700 4390 749 4424 non
764 4375 810 4424 nisi
824 4375 849 4423 in
863 4389 907 4437 po·
960 4380 972 4434 §
988 4378 1045 4425 285.

373 4461 444 4510 sitivo
465 4458 506 4523 (ut
520 4456 594 4506 hodie
607 4453 744 4516 loquimur)
759 4453 857 4502 obiecto
870 4454 908 4502 di·
992 4453 1085 4501 dianae
1103 4468 1141 4500 me
1161 4469 1216 4502 mm
1236 4453 1325 4505 retnis
1344 4453 1396 4500 taio
1412 4452 1490 4500 laudi·

374 4539 450 4595 citur,
465 4551 515 4585 non
529 4536 554 4583 in
568 4534 700 4598 negativo,
717 4523 745 4581 ui
759 4535 784 4580 h.
800 4534 818 4580 l.
958 4532 1003 4580 bus
1014 4559 1056 4580 -—.
1088 4532 1211 4591 Quoniam
1225 4547 1275 4581 non
1288 4530 1420 4595 agebatur,
1435 4531 1491 4594 quid

407 4629 506 4664 merere
514 4609 907 4674 libente-[dicerit,].Vcrbum
959 4611 1049 4659 Caesar
1072 4610 1173 4660 dixisset
1192 4611 1218 4659 in
1237 4611 1281 4659 illo
1301 4624 1428 4667 sermone,
1450 4609 1490 4657 sed
