3242 5500
377 551 447 620 als
691 569 805 618 mann
831 567 1034 622 snounnus
1063 552 1080 632 §
1107 550 1189 620 233.

375 750 534 814 accurato
559 765 738 826 sermone,
765 739 953 835 praeterita
975 764 1050 812 esse
1076 741 1246 812 videatur.
1298 739 1377 834 Ego
1400 761 1493 822 vero,

375 850 493 946 inquit
514 850 592 936 ille,
618 849 786 946 quoniam
810 848 992 922 collectam
1016 873 1038 920 a
1061 849 1224 934 convive,
1252 847 1398 932 Crasse,
1430 847 1494 918 eni·

375 963 451 1055 gis,
487 984 559 1031 non
595 958 814 1030 committam
851 967 911 1045 ut,
948 958 978 1030 si
1010 957 1227 1054 defugerim,
1267 979 1410 1029 eausam
1440 955 1493 1028 ali·

375 1092 482 1164 quarn
505 1067 690 1140 recusandi
706 1067 772 1140 tibi
788 1067 880 1140 dem.
910 1067 1136 1162 Quamquam
1153 1067 1247 1138 soleo
1264 1089 1368 1160 saepe
1385 1064 1495 1138 mirari

376 1201 496 1249 eorum
533 1176 810 1272 impudentiam,
849 1176 911 1271 qui
946 1184 1059 1270 agunt
1095 1177 1132 1249 in
1170 1199 1289 1261 scena,
1328 1167 1491 1270 [gestum]

376 1294 556 1383 spectante
591 1285 729 1357 Roscio.
778 1285 870 1361 Quis
907 1285 1002 1360 enim
1028 1309 1103 1358 sese
1127 1308 1344 1359 commovere
1366 1291 1494 1380 potest,

376 1395 477 1468 cuius
512 1395 571 1466 ille
606 1394 690 1466 vitia
712 1416 785 1466 non
810 1393 955 1467 videat?
983 1396 1040 1468 Sic
1065 1420 1131 1491 ego
1156 1419 1271 1481 nunc,
1299 1393 1426 1466 Crasso
1441 1418 1493 1465 au·

378 1505 507 1589 diente,
521 1504 675 1599 primum
688 1504 812 1599 loquar
825 1503 868 1576 de
880 1504 1034 1590 facetiis,
1052 1513 1086 1576 et
1098 1503 1230 1576 docebo
1244 1528 1303 1576 sus
1321 1507 1375 1589 (ut
1384 1503 1491 1604 aiunt)

377 1622 546 1685 oratorem
583 1637 685 1700 eum,
725 1637 831 1707 quem
868 1638 980 1709 quum
1014 1614 1163 1688 Catulus
1188 1637 1302 1710 nuper
1326 1612 1493 1697 audisset,

304 1749 352 1794 aar
376 1724 520 1797 foenum
538 1723 625 1795 alios
646 1721 763 1794 aiebat
785 1746 862 1816 esse
877 1732 1048 1819 oportere.
1089 1724 1181 1796 Tum
1199 1723 1276 1808 ille,
1304 1722 1493 1806 Iocabatur,

376 1834 512 1927 inquit,
550 1831 718 1917 Catulus,
755 1832 960 1927 praesertim
998 1857 1109 1928 quum
1144 1835 1193 1905 ita
1222 1831 1316 1904 dicat
1342 1832 1436 1927 ipse,
1460 1838 1494 1902 ut

376 1941 551 2014 ambrosia
581 1940 729 2012 alendus
763 1965 840 2053 esse
872 1940 1041 2014 videatur,
1105 1941 1237 2014 Verum
1273 1949 1329 2027 te,
1358 1941 1493 2025 Caesar,

376 2051 582 2136 audiamus,
610 2058 648 2121 ut
670 2050 716 2122 ed
741 2051 891 2122 Antonii
913 2051 1048 2147 relique
1071 2051 1267 2124 redeamus
1319 2051 1368 2123 Et
1392 2051 1492 2124 Anto·

378 2162 478 2247 nius,
506 2158 683 2256 Perpauca
705 2161 850 2256 quidem
868 2161 955 2234 mihi
972 2169 1123 2249 restant,
1149 2162 1281 2258 inquit:
1310 2161 1373 2234 sed
1388 2169 1493 2234 tamen

378 2270 535 2344 defessus
562 2271 633 2343 iam
665 2269 783 2342 labore
807 2279 915 2367 atque
939 2271 1064 2372 itinere
1089 2272 1341 2368 disputationis
1367 2271 1492 2366 requie·

379 2406 473 2456 seam
497 2381 534 2452 in
554 2380 713 2452 Caesaris
730 2403 909 2468 sermone,
936 2381 1038 2476 quasi
1054 2381 1091 2452 in
1105 2361 1493 2477 fflffiuopmopmnmo

379 2490 585 2562 deversorio.
1264 2512 1265 2515 ¹

308 2609 353 2680 58
428 2599 562 2694 Atqui,
597 2598 716 2693 inquit
751 2598 886 2685 Iulius,
920 2624 991 2671 non
1017 2599 1123 2672 nimis
1147 2598 1290 2672 liberale
1315 2599 1493 2695 hospitium

380 2734 498 2783 meum
534 2709 648 2781 dices:
688 2732 771 2781 nam
804 2715 840 2781 te
873 2709 911 2782 in
947 2709 1061 2797 viam,
1089 2708 1194 2781 simul
1219 2733 1259 2781 ac
1283 2707 1493 2805 perpaullum

307 2848 354 2895 sss
379 2819 552 2917 gusteris,
590 2818 776 2891 extrudam
814 2826 849 2891 et
885 2820 1032 2892 eliciam.
1093 2818 1167 2906 Ac,
1206 2842 1252 2891 ne
1286 2819 1417 2891 diutius
1438 2840 1493 2887 vos

379 2930 557 3015 demorer,
595 2927 640 3000 de
675 2929 773 3000 omni
807 2929 878 3001 isto
900 2953 1029 3025 genere
1053 2928 1141 3025 quid
1166 2928 1338 3015 sentiam,
1364 2926 1492 3024 perbre-

379 3040 467 3111 viter
492 3062 676 3134 exponam.
727 3037 784 3110 De
805 3039 879 3110 risu
903 3038 1062 3135 quinque
1092 3046 1195 3123 sunt,
1221 3062 1312 3133 quae
1336 3059 1491 3133 quaeran-

378 3159 455 3221 tur:
482 3172 611 3232 unum,
639 3148 726 3244 quid
748 3148 813 3220 sit:
841 3148 1001 3235 alterum,
1022 3148 1118 3219 unde
1141 3148 1202 3221 sit:
1228 3149 1386 3234 tertium,
1410 3146 1492 3217 sitne

380 3256 526 3330 oratoris
550 3256 638 3328 velle
662 3256 773 3328 risum
793 3280 949 3329 movere:
977 3264 1160 3354 quartum,
1186 3266 1377 3353 quatenus:
1398 3254 1491 3351 quin·

378 3377 477 3453 turn,
509 3391 599 3462 quae
624 3366 695 3438 sint
720 3390 849 3461 genera
871 3366 1022 3439 ridiculi.
1074 3366 1194 3461 Atque
1218 3366 1307 3439 illud
1331 3365 1490 3461 primum,

378 3477 466 3574 quid
490 3477 537 3548 sit
561 3477 636 3571 ipse
658 3476 770 3561 risus,
796 3501 867 3572 quo
893 3484 996 3571 paeto
1019 3477 1233 3562 concitetur,
1260 3475 1324 3547 ubi
1349 3476 1410 3559 sit,
1428 3494 1491 3567 quo

378 3586 483 3658 modo
506 3586 667 3671 exsistat,
694 3593 800 3681 atque
825 3586 875 3657 ita
899 3594 1043 3682 repente
1069 3594 1248 3681 erumpat,
1276 3593 1317 3657 ut
1341 3608 1416 3656 eum
1437 3604 1491 3651 cu-

378 3697 516 3791 pientes
532 3704 651 3767 tenere
668 3719 902 3789 nequeamus,
926 3702 961 3767 et
978 3720 1048 3791 quo
1069 3696 1173 3767 modo
1186 3695 1292 3767 simul
1304 3695 1420 3777 latere,
1435 3714 1488 3773 os,

378 3829 503 3889 venes,
542 3804 678 3889 oculos,
715 3803 854 3875 vultum
891 3814 1057 3900 occupet,
1101 3804 1228 3876 viderit
1259 3801 1487 3875 Democritus:

379 3937 495 4008 neque
520 3914 617 3985 enim
633 3912 679 3984 ad
696 3912 791 3985 hunc
808 3938 1004 3986 sermonem
1021 3914 1086 3985 hoc
1103 3914 1275 4011 pertinet,
1302 3921 1351 3999 et,
1377 3911 1404 3983 si
1418 3930 1487 4005 per·

107 2397 110 2400 .
158 2362 164 2389 C
214 2338 218 2347 Ι

409 4210 447 4255 eie
466 4222 508 4270 epo
527 4220 593 4254 auec
612 4234 646 4241 -
657 4208 770 4267 primam
787 4208 874 4269 loquar
887 4208 917 4255 de
965 4207 1024 4264 tim,
1046 4210 1169 4255 oratorem
1187 4207 1275 4255 melius
1289 4207 1419 4262 omittetur,
1432 4216 1487 4263 quo·

371 4286 487 4347 facetiis.
505 4285 574 4333 Nihil
586 4284 613 4333 in
627 4284 665 4333 his
677 4300 746 4333 nunc
758 4299 849 4334 censeo
862 4300 916 4333 mn-
966 4286 1031 4334 niam
1051 4284 1135 4334 turbat
1154 4286 1223 4334 istius
1236 4284 1361 4347 proverbii
1373 4281 1486 4331 continua·

377 4364 496 4421 tandum,
511 4369 684 4424 praeterquam
698 4368 726 4411 ut
734 4364 835 4423 primus
848 4365 915 4426 lega·
965 4364 1069 4413 tionem.

378 4448 431 4499 tur,
445 4457 491 4503 pro
498 4443 627 4502 primum.-
643 4442 757 4502 atqueita
764 4441 916 4491 satisfactum
999 4444 1056 4491 234.
1075 4443 1187 4503 dejerare
1206 4469 1239 4477 —-
1252 4443 1343 4489 itinere
1356 4436 1486 4501 disputatio·

377 4521 425 4569 erit
436 4520 633 4581 interpretationi
647 4520 765 4569 Pideritli.
780 4547 814 4555 —
830 4522 917 4567 Crasso
966 4521 1013 4569 cis.
1055 4523 1088 4569 H.
1119 4522 1137 4567 1.
1165 4512 1215 4568 iles·
1234 4522 1345 4582 appellat
1363 4526 1487 4567 accommo-

377 4598 501 4657 audteote,
517 4598 622 4647 recurrit
636 4603 649 4657 ξ
664 4599 722 4647 361.
737 4626 770 4633 -
789 4598 852 4655 Sed,
867 4603 915 4647 sta·
966 4599 1022 4647 date
1044 4599 1075 4647 ad
1096 4598 1297 4656 similitudinem,
1316 4596 1487 4659 quaereretur
