3242 5500
383 551 453 619 294
723 574 835 623 runnu
862 574 1031 624 ruamus.
1060 558 1078 638 §
1104 557 1162 625 54.

381 745 564 817 oratoriam
587 748 656 819 vim
675 747 875 843 complexos
892 770 968 817 esse
984 745 1216 832 arbitrantur,
1243 770 1359 841 neque
1377 745 1493 830 adhue,

383 877 489 948 quam
518 880 702 950 personam
732 862 893 940 teneant,
925 863 987 927 aut
1012 855 1099 950 quid
1121 856 1375 951 profiteantur,
1403 854 1493 926 intel·

383 963 491 1057 ligere
525 973 727 1060 potuerunt.
780 964 873 1036 Vero
910 965 1007 1035 enim
1040 965 1188 1050 oratori,
1226 988 1317 1060 quac
1350 972 1433 1035 sunt
1463 966 1493 1036 in

383 1069 567 1145 hominum
602 1074 674 1147 vita
712 1073 1013 1171 (quandoquidem
1049 1074 1087 1145 in
1126 1081 1494 1156 commemorator,

383 1187 490 1276 atquc
527 1206 567 1253 ea
598 1192 649 1255 est
683 1184 716 1255 ei
750 1182 906 1255 subiecta
940 1184 1139 1270 materies),
1174 1183 1292 1255 omnia
1325 1184 1494 1277 quaesita,

384 1290 524 1377 audita,
550 1292 660 1377 lecta,
687 1293 884 1389 disputata,
911 1298 1078 1377 tractata,
1104 1294 1235 1387 agitata
1259 1314 1336 1362 csse
1361 1290 1492 1363 debent.

329 1422 358 1469 as
384 1396 447 1469 Est
477 1400 571 1472 enim
605 1402 805 1495 eloquentia
838 1424 910 1472 una
932 1401 1104 1496 quaedam
1127 1402 1171 1472 de
1195 1401 1343 1473 summis
1368 1401 1493 1472 virtuti-

384 1506 467 1593 bus;
493 1532 706 1605 quamquam
733 1517 817 1581 sunt
841 1532 963 1581 omnes
985 1510 1130 1583 virtutes
1155 1511 1317 1606 aequales
1335 1518 1371 1581 et
1389 1534 1495 1605 pares;

387 1616 448 1688 sed
483 1625 599 1689 tamen
635 1627 686 1691 est
723 1618 838 1715 specie
867 1618 936 1690 alia
963 1620 1077 1715 magis
1100 1620 1169 1691 alia
1192 1620 1344 1691 formosa
1368 1629 1404 1692 et
1426 1618 1495 1689 illu-

386 1725 478 1798 stris.
519 1727 617 1800 Siout
639 1728 725 1799 haec
747 1730 822 1813 vie,
848 1752 938 1823 quae
963 1729 1146 1800 scientiam
1169 1729 1496 1825 complexeram,

386 1859 487 1909 sensa
520 1837 649 1908 mentis
685 1844 718 1909 et
753 1838 899 1909 consilia
933 1838 983 1909 sic
1019 1837 1134 1909 verbis
1165 1838 1336 1933 explicat,
1365 1846 1404 1909 ut
1427 1860 1497 1919 eos,

386 1944 448 2039 qui
481 1944 645 2032 audio-nt,
680 1971 903 2043 quocumque
927 1946 1147 2033 incubuerit,
1174 1949 1285 2043 possit
1309 1947 1497 2043 impellere:

385 2077 475 2147 quae
511 2078 582 2149 quo
615 2055 725 2125 maior
750 2063 801 2127 est
827 2056 899 2141 vis,
926 2055 991 2127 hoc
1016 2064 1067 2129 est
1091 2058 1205 2151 magis
1230 2054 1407 2152 probitate
1429 2056 1496 2127 iun·

385 2162 500 2257 gendo
522 2186 729 2259 summaque
753 2164 958 2260 prudentia:
986 2190 1135 2261 quarum
1160 2166 1331 2237 virtutum
1357 2164 1496 2260 experti·

384 2271 451 2343 bus
486 2271 515 2343 si
548 2271 687 2343 dicendi
719 2272 856 2367 copiam
891 2274 1159 2359 tradiderimuS‚
1191 2298 1261 2345 non
1284 2260 1517 2411 ecsqquideml

1498 2419 1522 2471 „i

420 2559 460 2603 55.
478 2556 566 2615 specie.
600 2555 676 2603 Recte
690 2555 725 2602 sic
739 2556 846 2604 correxit
856 2558 922 2617 Kay-
973 2558 1020 2605 iata
1034 2557 1164 2606 collocatio
1178 2571 1208 2605 ex
1222 2571 1252 2605 eo
1266 2572 1313 2605 osu
1327 2556 1428 2605 defendi
1438 2570 1501 2618 posse

384 2647 467 2681 serus:
489 2634 581 2695 vulgo,
595 2634 695 2693 speclea.
730 2635 856 2695 Nusquam
873 2636 924 2683 eir·
973 2636 1099 2693 videatur,
1120 2650 1169 2697 quo
1190 2636 1265 2683 Pron.
1283 2636 1327 2681 ille
1338 2634 1454 2696 praeponi
1466 2647 1500 2679 so·

386 2712 453 2760 talea
465 2710 491 2760 in
505 2712 597 2772 speclea
611 2710 799 2762 distribuuntur.
974 2715 1009 2764 let
1025 2713 1198 2764 Coniuncticni
1212 2712 1310 2775 pridem
1324 2714 1369 2777 (de
1381 2712 1501 2774 quoidam

419 2805 569 2852 quocumque
589 2791 729 2839 incuburrll
743 2793 825 2851 poerit
838 2795 922 2853 impel-
975 2794 1085 2856 Madvig.
1098 2796 1208 2841 Gramm.
1221 2794 1304 2851 5489,
1319 2790 1358 2855 b),
1372 2791 1502 2839 tamenhoc

385 2871 444 2917 lcrc.
463 2869 584 2916 Vitiosum
598 2869 646 2916 hoc
657 2873 694 2917 est
704 2875 845 2932 propterea,
857 2872 924 2932 quod
974 2870 1150 2933 postulabitur,
1171 2876 1214 2928 ut,
1235 2870 1303 2930 quod
1320 2870 1347 2917 in
1364 2872 1441 2918 altera
1452 2884 1501 2916 sen·

384 2948 524 2996 incumbere
550 2950 576 2995 et
599 2949 724 3010 impellere
744 2949 778 2996 ita
798 2950 878 3012 gradu
898 2956 925 2998 ct
974 2950 1066 2998 tentiae
1085 2958 1156 3010 parte
1177 2947 1336 3003 subiiciatur,
1351 2962 1425 3008 quam
1438 2946 1501 2994 (loni.

383 3024 468 3073 indole
488 3025 594 3083 distent,
616 3030 644 3073 ut
665 3025 696 3074 de
711 3026 798 3075 eodem
813 3027 862 3075 dici
877 3041 921 3074 ne·
973 3030 1018 3075 aed
1028 3027 1144 3083 inchoet,
1165 3030 1319 3089 proponatur
1331 3026 1373 3083 id,
1387 3026 1452 3085 quod
1462 3023 1501 3071 cli·

385 3106 488 3163 queant:
503 3103 547 3150 scd
559 3103 616 3152 ideo
631 3118 743 3164 quoque,
759 3105 835 3165 quod,
849 3105 869 3153 si
883 3107 922 3152 ia·
974 3106 1172 3166 quantominus,
1186 3105 1230 3153 sed
1243 3109 1328 3152 tamen
1336 3119 1367 3151 ex
1374 3105 1458 3152 eodem
1465 3116 1501 3164 ge·
1602 3114 1603 3119 ’

385 3180 497 3228 cumbere
517 3180 533 3227 i.
555 3195 580 3240 q.
600 3181 720 3230 inclinare
741 3197 803 3244 quo,
826 3188 851 3231 et
864 3198 922 3245 pro·
974 3184 1080 3232 nercait.
1099 3181 1502 3243 Sedabillarationequaeh.l.lc·

385 3258 495 3319 pendere
509 3257 589 3321 (conf.
604 3260 712 3308 Ellendt.
728 3261 759 3308 ad
774 3262 809 3308 Il.
825 3260 921 3320 5187),
974 3262 1053 3325 gimnr
1075 3275 1176 3323 prorsus
1195 3261 1293 3309 diversa
1314 3266 1386 3308 sunt:
1406 3260 1503 3318 ideoque

384 3350 436 3384 non
457 3336 514 3384 satis
532 3341 569 3385 est
584 3336 630 3385 hoc
644 3337 744 3386 oratori.
778 3339 866 3398 Neque
879 3352 922 3386 oc·
974 3341 1072 3401 quidem
1107 3340 1165 3387 hinc
1197 3339 1338 3387 tollendum
1366 3338 1504 3386 existimem.

384 3419 498 3463 curretur
517 3414 650 3474 huicvitio,
665 3416 684 3464 ai
693 3417 839 3479 corrigatur,
852 3419 922 3466 lacu·
1008 3420 1048 3466 56.
1061 3416 1182 3477 sumant.
1217 3417 1399 3479 corrigendum
1413 3427 1503 3469 censeo,

384 3494 496 3551 lumini,
523 3494 574 3542 scil.
601 3494 643 3555 qui
662 3495 773 3543 audiant.
814 3496 923 3544 Maxima
966 3497 1124 3558 flammat,
1138 3497 1155 3543 i.
1164 3510 1186 3543 e.
1194 3495 1254 3543 clari
1262 3495 1417 3543 exstiterunt.
1435 3490 1501 3540 Cani.

384 3573 427 3619 illa
447 3571 550 3620 oratoris
569 3572 607 3620 vis
620 3572 639 3620 ai
654 3573 803 3621 declaranda
817 3580 870 3630 est,
884 3576 920 3622 le·
973 3589 1044 3633 mox,
1059 3579 1072 3633 ξ
1086 3577 1134 3632 59,
1149 3579 1175 3622 et
1188 3575 1224 3621 ΙΙ.
1239 3578 1251 3632 §
1268 3575 1293 3622 6.

384 3650 493 3712 gendum
508 3665 657 3712 quocumque
670 3653 779 3709 libuerit,
794 3653 850 3700 utl.
859 3656 871 3710 5
880 3653 921 3710 30,
1006 3653 1107 3701 murillo
1123 3653 1157 3699 ad
1167 3652 1233 3700 ritae
1243 3652 1329 3698 eladio
1342 3649 1444 3711 dispari.
1460 3649 1501 3696 Fe·

385 3728 526 3787 impellere,
543 3743 590 3789 pac
603 3730 670 3777 velit.
972 3732 1188 3789 rendnmnoncat‚
1202 3745 1278 3792 quum
1285 3727 1502 3778 diciturconcilim

419 3819 467 3852 nora
480 3820 520 3853 ece
533 3807 631 3867 quidem
642 3805 921 3868 creterraeffecerimaie.
972 3811 1006 3858 ad
1018 3809 1091 3870 qaid,
1104 3796 1253 3870 quamquam
1264 3809 1421 3857 tolerandum
1427 3807 1452 3852 in
1459 3807 1503 3852 La·

385 3883 476 3932 Vitiata
490 3885 567 3932 oratio
581 3889 618 3934 est
629 3885 720 3934 inserta
734 3886 858 3934 Pulticula
866 3888 921 3948 qui·
971 3888 1068 3937 tinitate
1090 3888 1201 3936 Liviana.
1243 3882 1503 3945 romanaerium

384 3961 447 4008 dem.
490 3964 545 4010 Hoc
570 3963 635 4012 enim
659 3963 694 4012 ita
715 3963 826 4024 usurpari
845 3964 921 4022 solet,
973 3965 1131 4014 continentur
1153 3965 1203 4012 iam
1224 3965 1306 4026 quiete
1325 3968 1351 4012 cl
1370 3965 1430 4019 olio,
1445 3973 1503 4022 quae

385 4044 413 4088 ut
427 4037 648 4103 (quemadmodum
662 4041 769 4102 explicat
781 4042 922 4104 Madvigius
972 4045 1011 4093 isti
1024 4045 1103 4092 recoli
1115 4044 1239 4092 dicuntur.
1273 4044 1406 4104 Aliquanto
1418 4039 1504 4088 rectius

385 4118 479 4179 Opusc.
500 4119 578 4166 Acad.
601 4121 623 4168 1.
644 4134 670 4181 p.
692 4121 741 4168 406
760 4119 877 4180 idemque
896 4120 921 4167 in
970 4123 1052 4179 infra,
1072 4126 1084 4180 5
1099 4125 1146 4180 82,
1164 4137 1238 4183 quam
1250 4122 1327 4170 ollam
1340 4122 1407 4168 laem
1419 4118 1503 4166 mela·

387 4199 496 4244 Gramm.
518 4197 574 4245 Lat.
594 4201 606 4255 ξ
626 4196 689 4261 471)
706 4198 742 4245 rci
756 4198 923 4259 praecedente
974 4201 1168 4261 diaconar‘dcro:
1185 4201 1245 4249 item
1260 4201 1359 4249 cluent.
1377 4199 1451 4256 542,
1467 4207 1503 4240 vo·

385 4272 509 4322 uocabulo
527 4273 678 4336 significatae
692 4275 817 4324 immorari
829 4275 922 4326 iubeat.
975 4280 1059 4327 malac
1078 4284 1104 4327 ct
1116 4280 1235 4326 lectitata
1248 4279 1315 4326 ratic
1326 4278 1389 4324 ellac
1400 4276 1504 4338 iungim-

386 4353 479 4414 lgitur,
500 4353 568 4412 quod
589 4352 716 4413 hucusque
733 4353 773 4401 edi
786 4355 864 4412 solet,
879 4369 922 4402 ex·
974 4360 1024 4405 tnr.
1058 4360 1191 4419 Quumque
1204 4371 1233 4404 ea
1246 4356 1342 4413 studia,
1356 4352 1444 4416 quibus
1456 4350 1505 4411 qaia

385 4429 544 4490 plicandum,
564 4430 634 4491 qnasi
646 4431 737 4488 vellet,
753 4445 801 4478 ron
815 4446 855 4480 coe
869 4434 923 4494 qui·
973 4436 1000 4483 in
1020 4436 1072 4484 vita
1092 4437 1190 4484 deditas
1211 4440 1263 4493 est,
1284 4435 1365 4482 minus
1382 4437 1451 4480 recte
1464 4444 1504 4490 ap·

386 4509 456 4566 dem,
480 4508 525 4554 aed
542 4510 605 4557 ulica
624 4509 777 4570 effecerimus
797 4513 922 4569 crateres,
974 4515 1063 4574 pellani
1081 4514 1142 4562 mihi
1159 4514 1276 4563 videntur
1293 4509 1465 4566 arrectaria,
1479 4521 1506 4555 eo

386 4585 443 4634 satis
457 4584 563 4634 absurda
577 4587 706 4636 sententio.
732 4587 827 4646 Quodsi
840 4593 923 4637 tamen
974 4591 1134 4650 inclinarem,
1150 4597 1178 4641 ut
1190 4591 1356 4654 corrigerem,
1370 4586 1469 4637 masilia
1480 4600 1507 4633 ac
