3242 5500
464 544 743 594 manaremus
770 527 787 608 ὅ
814 525 872 594 93.
1181 526 1228 594 41

108 713 193 800 illa,
234 737 325 809 quae
362 740 383 787 a
417 716 628 790 doctissimis
666 717 868 790 hominibus
904 713 958 814 [in
990 713 1228 816 philosophia]

109 825 330 911 dicerentur,
366 834 571 922 cognosset,
609 835 670 899 aut
692 826 839 913 callide,
864 836 925 900 aut
945 827 1084 925 copiose
1104 827 1228 899 dicere.

110 934 153 1005 ln
176 933 306 1030 quibus
324 933 445 1007 -dicere
473 931 721 1032 [Charmadas]
743 935 891 1023 solebat,
916 936 1100 1033 ingenium
1111 944 1231 1022 tuum,

110 1044 258 1130 Crasse,
292 1043 515 1118 vehementer
548 1045 746 1132 admirans,
781 1070 838 1118 me
875 1045 942 1118 sibi
970 1046 1171 1143 perfacilem
1193 1045 1231 1118 in

109 1153 310 1240 audiend0,
343 1162 379 1226 te
412 1179 672 1252 perpugnacem
704 1155 742 1227 in
773 1155 987 1252 disputando
1008 1180 1083 1228 esse
1104 1155 1229 1227 visum.

158 1264 284 1358 ltaque
316 1287 407 1359 ego,
443 1265 507 1338 hac
540 1266 661 1338 eadem
696 1265 862 1362 opinione
884 1264 1081 1352 adductus,
1107 1264 1229 1360 scripsi
1258 1272 1300 1340 21

110 1373 216 1446 etiam
250 1373 341 1445 illud
375 1374 528 1471 quodam
558 1374 596 1446 in
619 1374 760 1462 libello,
787 1376 849 1471 qui
873 1399 930 1447 me
950 1375 1175 1471 imprudente
1197 1382 1232 1446 et
1273 1389 1305 1433 ⁹4

109 1483 219 1562 invito
241 1482 389 1570 excidit,
415 1492 450 1557 et
472 1485 630 1582 pervenit
651 1485 689 1557 in
714 1509 839 1557 manus
858 1483 1061 1571 hominurn,
1083 1483 1231 1556 disertos

110 1618 165 1665 me
199 1616 370 1689 cognosse
404 1594 615 1680 nonnullos,
646 1594 869 1690 eloquentem
889 1593 1004 1667 adhuc
1028 1593 1229 1679 neminem;

111 1701 205 1798 quod
236 1727 317 1774 curn
347 1703 543 1776 statuebam
573 1703 767 1790 disertum,
794 1703 856 1799 qui
879 1712 997 1798 posset
1022 1703 1106 1776 satis
1130 1711 1231 1776 acute

108 1821 211 1907 atque
250 1811 403 1885 dilucide
439 1812 535 1910 apud
571 1812 762 1884 mediocres
799 1810 959 1884 homines
986 1836 1029 1884 ex
1053 1811 1231 1885 communi

109 1920 259 2015 quadam
294 1921 477 1994 hominum
510 1921 675 2017 opinione
710 1921 848 2009 dicere,
880 1921 1101 2017 eloquentem
1126 1946 1230 2010 vero,

109 2031 167 2125 qui
202 2031 399 2105 mirabilius
433 2039 466 2103 et
501 2031 785 2128 magnificentius
822 2055 950 2128 augere
983 2040 1101 2126 posset
1125 2040 1231 2126 atque

108 2165 250 2228 ornare,
288 2165 377 2238 quae
411 2141 534 2227 vellet,
570 2165 761 2237 omnesque
794 2142 954 2214 omnisnn
977 2165 1114 2227 rerum,
1142 2165 1231 2237 quae

109 2251 151 2322 ad
186 2249 377 2324 dicendum
413 2251 654 2346 pertinerent,
690 2250 804 2322 fontes
839 2251 956 2322 animo
991 2275 1031 2322 ao
1065 2250 1231 2322 memoria

108 2360 311 2432 contineret.
364 2359 408 2432 Id
443 2360 472 2432 si
509 2367 561 2432 est
591 2357 731 2433 difficile
756 2358 882 2446 nobis,
908 2359 1097 2456 quiante,
1124 2383 1229 2454 quam

108 2470 151 2542 ad
184 2469 393 2542 discendum
427 2469 576 2565 ingressi
602 2493 746 2555 sumus,
772 2468 955 2541 obruimur
977 2468 1169 2540 ambitione
1195 2477 1230 2541 et

108 2581 201 2668 foro,
231 2580 276 2653 sit
300 2589 418 2652 tamen
443 2580 479 2652 in
505 2603 542 2651 re
566 2579 722 2673 positum
739 2586 845 2674 atque
864 2586 998 2650 natura.
1025 2579 1102 2674 Ego
1116 2578 1228 2664 enirn,

109 2699 279 2785 quantum
304 2713 457 2786 auguror
481 2687 702 2775 coniectura,
729 2696 932 2784 quantaque
951 2687 1095 2784 ingenia
1110 2688 1148 2760 in
1165 2712 1227 2760 no·

109 2801 184 2873 stris
218 2798 423 2872 hominibus
459 2824 533 2872 esse
562 2798 685 2886 vide0,
712 2822 783 2870 non
809 2798 955 2893 despero
979 2798 1052 2870 fore
1076 2798 1229 2894 aliquem

108 2911 319 3006 aliquando,
358 2908 419 3005 qui
454 2918 489 2981 et
526 2908 643 2981 studio
677 2909 833 2995 acriore,
870 2931 976 3003 quam
1013 2932 1077 2980 nos
1107 2932 1228 2980 sumus

108 3028 208 3116 atque
244 3019 397 3106 fuimus,
434 3026 469 3091 et
503 3017 577 3090 otio
600 3042 639 3091 ac
663 3016 829 3091 facultate
853 3016 1011 3090 discendi
1036 3018 1165 3091 maiore
1189 3042 1229 3090 ac

108 3130 309 3216 maturiore,
336 3137 371 3202 et
395 3127 513 3201 labore
536 3136 642 3223 atque
664 3126 1041 3224 industriasuperiore,
1069 3152 1178 3223 quum
1193 3151 1230 3199 se

107 3378 227 3437 videatur,
248 3383 277 3427 ut
297 3378 329 3426 de
349 3379 437 3427 Crasso
456 3366 516 3439 quid
529 3378 643 3427 sensisset
691 3377 778 3435 cendi,
793 3383 819 3427 et
829 3378 973 3427 disserendi.
997 3378 1088 3429 Facilis
1098 3380 1145 3430 isto
1156 3394 1230 3431 sensu

110 3457 255 3507 Charmadas
269 3456 443 3519 explicaretur,
458 3457 520 3505 nihil
534 3460 642 3505 orateur
690 3455 790 3519 ponitur
804 3459 874 3505 Brut.
890 3461 902 3515 ξ
922 3460 978 3506 180.

109 3550 132 3583 se
156 3550 252 3598 quoque
278 3534 401 3584 Antonius
424 3535 451 3583 in
470 3548 499 3583 ea
517 3534 643 3583 mentione
725 3536 766 3583 94.
789 3536 918 3597 quiante.
952 3535 1041 3597 Aptius
1061 3537 1109 3584 hoc
1128 3536 1227 3595 iudico,

109 3615 342 3677 comprehenderet,
363 3630 436 3676 quern
456 3615 530 3663 modo
548 3613 643 3663 dixerat
691 3628 764 3675 quarn
778 3628 809 3662 ex
822 3614 900 3661 alters
913 3614 1018 3662 lectione
1036 3616 1100 3676 qnod
1112 3618 1178 3663 ante.

109 3692 137 3739 ab
154 3694 197 3742 illo
216 3695 240 3741 in
262 3692 335 3741 bonis
355 3691 491 3742 oratoribus
514 3696 568 3741 turn
595 3708 641 3740 nn·
725 3694 766 3741 95.
790 3707 833 3757 eqo
852 3693 925 3739 caim.
966 3693 1143 3754 Intempestive
1165 3694 1191 3742 h.
1210 3696 1228 3743 l.

110 3777 223 3821 metatum
243 3786 306 3821 esse.
341 3774 439 3831 Quaero
460 3772 564 3830 iterum,
583 3772 643 3833 quid
692 3771 763 3821 Coni.
777 3772 857 3828 enim,
872 3784 948 3832 quum
961 3771 1228 3823 haecnullomodors·

110 3850 137 3897 sit
149 3851 238 3911 facilis
257 3852 285 3900 ia
298 3850 433 3910 audiendo,
452 3856 537 3911 etquo
551 3864 642 3914 genere
689 3850 783 3899 tionem
803 3849 1009 3912 explicanteins,
1034 3853 1227 3914 quodpraeees·

110 3930 263 3990 oppositionis
284 3930 373 3977 audire
393 3933 418 3978 et
438 3930 566 3990 disputare
578 3930 642 3977 inter
690 3933 763 3978 serat.
798 3930 837 3977 Ex
856 3943 907 3977 uno
925 3926 990 3977 libro
1009 3930 1110 3979 affertur
1126 3934 1228 3979 autem:

110 4020 133 4053 se
145 4008 335 4073 distinguantur.
368 4008 454 4069 Itaque
468 4022 499 4056 ex
512 4007 565 4056 aliis
573 4006 642 4056 libris
691 4021 738 4070 ego
752 4006 852 4064 malim,
866 4009 956 4056 tamea.

110 4092 217 4148 suscepto
230 4087 343 4143 dicendo,
357 4087 539 4148 proaadiendc,
548 4085 586 4150 (in
594 4100 643 4148 quo
727 4087 769 4147 [cc
782 4086 941 4146 maturiore}
960 4087 1017 4134 Non
1029 4086 1158 4151 intelligo,
1170 4090 1230 4150 quid

111 4168 228 4223 postremo
242 4178 303 4214 sane
316 4179 367 4213 non
375 4164 467 4213 enitere
473 4165 555 4231 potuit
563 4164 644 4214 Crassi
692 4164 723 4213 ad
734 4164 793 4221 ists,
808 4178 871 4225 quse
885 4170 1068 4223 enumerantur,
1083 4167 1134 4214 ulla
1147 4171 1228 4215 mata-

111 4242 239 4307 ismeniam)
252 4243 384 4291 audaciore
391 4242 494 4292 fortasse
502 4243 644 4292 coniectura
693 4243 758 4291 ritas
770 4242 901 4304 pertineat.
926 4245 1015 4292 Ortum
1027 4248 1088 4305 puto
1101 4244 1165 4292 illud
1175 4246 1228 4293 Ad·

110 4320 186 4369 locum
207 4322 243 4369 sic
263 4320 427 4379 constituam,
442 4336 513 4383 quem
526 4322 573 4369 siti
581 4334 642 4381 per·
694 4320 810 4369 iectivum
824 4320 928 4370 temese
941 4335 1037 4383 eprava
1043 4322 1150 4371 lectione
1156 4338 1228 4385 prac-

105 4398 204 4457 facium
217 4401 244 4448 in
258 4400 376 4457 diceudo,
391 4402 417 4447 et
425 4412 607 4463 perpugnacem
618 4400 645 4448 ia
694 4398 803 4448 cedentis
817 4400 917 4447 maiore.
942 4401 1005 4448 Nam
1016 4402 1229 4462 nesetssquidem

111 4475 252 4538 disputando
265 4493 318 4525 esse
331 4479 420 4535 cisum3
435 4493 483 4539 quo
495 4478 569 4526 modo
576 4483 643 4527 utra·
693 4477 813 4526 maturior
825 4477 931 4541 intelligi
938 4480 1038 4540 poterit,
1051 4479 1167 4540 quonism
1173 4486 1230 4542 post

111 4568 153 4615 que
172 4558 224 4605 leus
241 4558 268 4604 in
284 4558 371 4605 Crasso
385 4557 555 4618 praedicatur,
570 4562 595 4605 et
606 4556 643 4603 di·
693 4557 736 4605 illa
743 4556 843 4604 demum
850 4557 970 4605 easbtere
976 4557 1065 4605 dicitur
1073 4558 1229 4609 tatscrator.
