3242 5500
721 42 781 253 (s-
798 48 899 154 yram.
920 59 998 164 resti
1015 45 1226 163 ‘’Adsis-4425]

467 564 579 614 umen
605 565 755 614 carnus.
785 549 802 628 i
829 547 887 616 33.
1193 549 1236 617 15

115 722 321 808 hominibus
344 736 429 831 ipsis
447 735 631 808 antecellat
642 731 674 832 P]
704 735 753 810 Ut
768 762 850 810 vero
869 739 939 810 iam
960 738 1005 809 ad
1025 737 1086 809 illa
1102 763 1239 812 summa

114 845 319 932 veniamuS,
353 870 442 941 quae
475 847 526 917 vis
555 845 623 918 alia
651 848 768 942 potuit
793 854 855 920 aut
880 848 1054 944 dispersos
1079 847 1238 920 homines

116 980 231 1028 unum
256 956 294 1027 in
321 955 436 1030 locum
453 979 685 1050 congregare,
715 964 777 1030 aut
801 982 822 1029 a
845 958 918 1029 fera
942 957 1141 1053 agrestique
1160 959 1241 1057 ¹vita

117 1067 163 1138 ad
180 1064 276 1137 hunc
293 1065 488 1138 humanum
504 1065 640 1138 cultum
653 1067 863 1162 civilemque
880 1067 1068 1153 deducere,
1091 1075 1152 1140 aut
1170 1069 1240 1141 iam

116 1175 321 1248 constitutis
355 1174 553 1248 civitatibus
582 1175 699 1270 leges,
733 1177 885 1264 iudicia,
918 1178 995 1250 iura
1020 1176 1240 1249 describere?

116 1283 188 1371 Ac,
205 1309 251 1356 ne
272 1285 391 1381 pluro,
413 1309 502 1381 quae
520 1293 602 1358 sunt
618 1311 729 1383 paene
743 1286 1031 1375 innumerabilia,
1050 1295 1239 1374 consecter,
1267 1303 1298 1348 34

116 1394 412 1491 comprehendam
436 1394 552 1468 brevi:
580 1397 629 1468 sic
650 1397 744 1470 enim
766 1405 902 1484 statuo,
932 1397 1074 1495 perfecti
1098 1397 1242 1469 oratoris

90 1525 93 1529 ·
117 1503 356 1578 moderatione
385 1513 420 1578 et
443 1506 618 1602 sapientia
637 1531 709 1579 non
734 1506 848 1580 solum
873 1508 985 1604 ipsius
1009 1506 1240 1604 dignitatem,

119 1613 180 1685 sod
194 1621 228 1686 et
240 1615 457 1711 privatorum
477 1615 734 1712 plurimorum,
757 1627 790 1690 et
809 1616 993 1690 universae
1013 1615 1242 1712 reipublicae

118 1725 269 1796 salutem
293 1725 445 1797 maxime
465 1725 647 1800 contineri.
701 1725 940 1802 Quamobrem
957 1727 1113 1823 pergite,
1134 1735 1174 1798 ut
1191 1726 1208 1797 f
1228 1766 1240 1778 ·

117 1834 217 1920 citis,
240 1835 497 1922 adolescentes,
518 1844 624 1931 atque
644 1837 681 1908 in
704 1836 742 1910 id
767 1837 944 1923 studium,
977 1838 1014 1910 in
1039 1861 1109 1933 quo
1138 1837 1241 1923 estis,

118 1943 334 2033 incumbite,
368 1952 409 2018 ut
439 1953 473 2018 et
497 1945 595 2018 vobis
625 1945 769 2034 honori,
799 1954 834 2019 et
858 1947 979 2020 amicis
1011 1947 1173 2034 utilitati,
1207 1954 1242 2017 et

117 2055 168 2126 rei
185 2053 349 2151 publicae
369 2055 604 2128 emolumento
625 2080 699 2128 esse
719 2057 874 2153 possitis.

167 2165 260 2236 Tum
290 2165 452 2237 Scaevola
483 2165 646 2252 comiter,
677 2173 718 2238 ut
743 2164 895 2254 solebat,
926 2166 1068 2253 Cetera,
1101 2167 1240 2262 inquit,
1268 2188 1289 2254 9

117 2275 289 2346 assentior
310 2275 448 2362 Crasso,
469 2299 514 2348 ne
532 2274 618 2372 quid
632 2283 693 2348 aut
707 2275 800 2348 deO.
816 2275 940 2362 Laelii,
958 2277 1067 2350 soceri
1079 2277 1161 2362 mei,
1179 2283 1241 2347 aut
1268 2301 1297 2346 ss

116 2623 174 2672 sint.
194 2621 242 2680 Qui
256 2621 302 2668 ists
314 2617 493 2667 consarcinavit
501 2623 525 2666 et
532 2617 572 2665 hic
579 2618 655 2665 inter·
707 2617 841 2678 suspicioni
854 2632 924 2666 meae
939 2617 1035 2667 obieeta
1049 2623 1115 2667 sunt.
1143 2621 1181 2668 Ne
1193 2620 1242 2668 hoc

114 2696 655 2763 posuit,eipraestofuerantbaecexlnvent.
707 2696 806 2758 quidem
827 2696 946 2759 repudio,
972 2698 1039 2759 quod
1059 2696 1109 2744 dixi
1126 2698 1241 2746 vitiosum

115 2780 307 2839 l‚§5:ocmidt
315 2777 411 2840 quidem
419 2776 655 2834 uidenturbcmices,
707 2789 760 2823 esse
787 2775 851 2833 hoc,
880 2777 1021 2835 exprimere
1041 2776 1143 2824 dicendo
1161 2791 1241 2825 sensa.

115 2874 192 2922 quum
206 2858 292 2905 mattis
305 2856 378 2903 rebus
390 2857 532 2903 tumidiores
545 2855 571 2901 et
583 2855 655 2916 infir·
707 2853 794 2914 Aptius
809 2855 859 2903 111.
875 2859 937 2912 555.
956 2856 1241 2916 appellavitsensamen·

116 2940 207 2985 micres
232 2936 299 2993 siut,
328 2936 373 2982 dac
400 2948 427 2981 re
446 2935 553 2980 monime
573 2932 657 2979 bestiis
707 2933 752 2991 tis,
768 2934 810 2993 qui
832 2933 960 2982 Genitivus
974 2933 1072 2983 additus
1086 2934 1112 2981 in
1126 2940 1241 2982 accurata

110 3015 263 3077 proestare,
280 3012 345 3076 quod
359 3014 424 3075 loqui
433 3012 548 3071 possunt.
575 3010 657 3063 Quare
706 3010 817 3058 oratione
831 3010 1087 3073 omittinonpoterst:
1105 3018 1158 3061 tum
1165 3014 1242 3061 menti

111 3096 274 3153 praeclarum
288 3092 347 3139 mitt
361 3090 477 3153 quiddam
490 3090 588 3138 ridetur
611 3089 655 3135 cd·
706 3094 774 3137 recte
795 3089 850 3138 istic
869 3085 1031 3151 opponuntur
1052 3093 1125 3138 cerba
1143 3092 1241 3153 potius,

115 3173 190 3233 eptas
210 3173 246 3229 is,
272 3172 328 3233 qui,
351 3185 399 3232 qua
412 3182 440 3215 re
453 3170 560 3215 homines
573 3168 658 3215 bestiis
706 3181 779 3229 quarn
794 3168 876 3230 ipsum
890 3168 986 3226 dicere,
1005 3170 1141 3231 meliusque
1156 3185 1184 3218 es
1198 3185 1242 3218 ec·

111 3250 262 3311 praestent,
294 3263 322 3295 en
349 3250 375 3296 in
395 3261 424 3293 re
443 3248 577 3307 bominibus
596 3247 657 3305 ipsis
701 3247 796 3307 plicari
810 3247 937 3305 dicuntur,
954 3262 1028 3308 quam
1042 3249 1244 3309 eeprimi,quod

116 3328 269 3376 antecellat:
288 3342 336 3387 ne,
351 3330 449 3388 praeter
463 3327 535 3375 Offic.
551 3327 571 3373 1.
589 3326 655 3382 55⁰,
706 3330 859 3385 postremum
878 3331 975 3374 tantum
996 3327 1028 3374 ad
1042 3328 1143 3390 effipiem
1155 3327 1245 3375 referri

117 3408 167 3455 alia
195 3406 315 3465 excitem,
343 3421 405 3467 quse
431 3405 535 3455 similem
556 3406 655 3451 senten·
706 3408 796 3464 potest.

117 3487 179 3535 tiam
193 3485 329 3533 continent.
365 3484 433 3533 Nihil
446 3487 529 3531 autem
542 3482 589 3529 ista
602 3496 655 3529 om·
740 3480 785 3545 34)
797 3482 954 3541 privatorum
968 3484 1144 3542 plurimorum.
1175 3484 1243 3531 Dici·

117 3565 176 3622 nia,
198 3564 293 3613 etiamsi
314 3564 406 3625 optime
420 3566 501 3611 essent
515 3560 655 3617 enuntiata,
706 3563 747 3607 tur
768 3574 827 3607 saue
847 3560 918 3607 Offic.
940 3561 961 3608 Ι.
987 3565 999 3619 5
1022 3562 1067 3619 65,
1086 3562 1113 3608 in
1129 3560 1244 3610 laudibus

119 3644 246 3705 pertinent
260 3643 291 3691 ad
304 3642 338 3699 id,
354 3642 420 3704 quod
429 3642 530 3691 Crassus
537 3652 604 3687 nunc
611 3639 655 3686 de·
707 3637 824 3685 scientiae
843 3638 903 3686 iuris
924 3637 1002 3688 civilis
1025 3640 1170 3700 ponendum
1191 3655 1245 3689 esse

118 3720 288 3780 monstrabat,
304 3735 381 3782 quum
400 3718 543 3781 praesertim
563 3718 612 3765 iam
626 3717 655 3764 il·
702 3715 822 3776 prodesse
839 3718 1052 3778 quamplurimis:
1071 3719 1115 3766 sed
1129 3718 1155 3765 h.
1169 3719 1188 3767 l.
1202 3719 1245 3767 illa

119 3802 165 3849 lud
185 3800 321 3849 bominibus
340 3800 487 3846 antecellere
506 3810 656 3845 commemo·
705 3796 872 3855 plurimorum
899 3796 992 3844 mentio
1011 3795 1125 3845 debilitat
1145 3802 1244 3846 senten·

119 3884 198 3929 resset
219 3878 264 3943 (ee
278 3878 379 3940 infinita
393 3876 554 3925 multitudine
567 3902 601 3911 —-
609 3876 655 3936 fa·
706 3874 782 3931 tiam,
808 3878 833 3921 et
853 3875 989 3935 corrumpit
1008 3874 1083 3923 totius
1109 3877 1245 3926 sententiae

121 3972 177 4006 cere
192 3956 303 4021 possitz)
324 3956 367 4017 qui
380 3956 478 4019 singula
499 3955 585 4003 ordine
599 3967 655 4016 per·
707 3952 915 4009 concinnitatem,
937 3967 999 4014 quse
1018 3952 1059 4017 (nt
1075 3952 1102 4001 in
1115 3956 1193 4014 nisius
1206 3955 1244 4002 dt-

120 4050 239 4095 cnrrens,
260 4035 286 4083 in
307 4034 396 4096 quibus
416 4036 511 4083 valeret
531 4037 658 4095 praestans
706 4031 842 4094 quitatem,
857 4031 1244 4097 etreipubt.snlutem)postpri-

119 4114 239 4164 orationis
258 4113 379 4171 facultas,
404 4113 485 4161 statim
505 4110 536 4159 ab
550 4113 614 4169 otio,
632 4110 658 4157 in
708 4110 820 4157 vatorum
832 4110 936 4158 similem
947 4111 1123 4159 Accusativum
1134 4113 1245 4173 require-

117 4208 171 4257 quo
183 4193 308 4241 iucundus
322 4192 353 4241 sit
365 4206 444 4239 sermo
452 4192 657 4249 facetus,trans·
708 4187 1013 4249 bat,fortassefcrtunns,
1027 4190 1246 4251 autsimilc,quod
1320 4200 1323 4203 ’

116 4275 137 4322 it
160 4273 194 4320 ad
226 4271 331 4319 maiora·
349 4284 406 4319 cum
432 4270 485 4331 ipsa
506 4268 658 4317 humanitate
708 4266 762 4315 aliis
777 4266 938 4314 divinandum
951 4268 1075 4330 relinquo.

117 4352 271 4408 coniuncta,
286 4350 316 4397 ct
330 4362 387 4395 nero
399 4350 449 4396 iam
462 4348 496 4395 ad
508 4349 552 4395 illc
565 4361 659 4395 summu
743 4344 788 4409 35)
806 4360 837 4392 ne
851 4345 912 4407 quid
923 4347 969 4394 out
979 4346 1009 4392 de
1018 4348 1044 4395 C.
1053 4346 1132 4393 Laelii
1141 4372 1184 4395 —-.
1196 4348 1245 4395 Re·

118 4432 250 4478 reniamns
270 4444 321 4486 -3
353 4428 489 4488 eodemque
518 4426 592 4474 modo
613 4425 659 4476 ista
710 4425 764 4485 cepi
785 4424 859 4487 qnid,
889 4424 917 4473 in
936 4426 1020 4474 multis
1039 4425 1109 4473 libris
1129 4426 1246 4474 omissum

117 4514 192 4559 arcte
207 4506 340 4570 coniungit
354 4508 411 4555 Nat·
426 4507 502 4554 Deor.
521 4506 556 4553 ΙΙ.
573 4509 585 4563 ξ
603 4506 658 4552 148.
710 4501 749 4566 (in
763 4502 871 4551 Vindob.
892 4509 971 4552 exstat
984 4517 1015 4549 ne
1027 4504 1072 4550 aut
1085 4503 1249 4567 quid),quod

118 4585 369 4645 Haec,nisiiallor,
386 4583 659 4644 1·efutabuntea,quae
709 4579 815 4629 verbum
835 4582 981 4639 detrahere,
1005 4582 1026 4629 si
1045 4582 1108 4629 nihil
1129 4583 1197 4631 alind
1211 4571 1248 4632 est
