3242 5500
439 569 553 618 arasa
579 568 778 620 sncounus.
807 551 825 632 §
851 551 909 619 81.
1166 552 1236 622 153

118 765 253 813 necesse
276 740 344 812 fuit
367 739 570 814 hominibus
595 740 797 837 expertibus
820 740 988 829 veritatis)
1016 767 1085 814 non
1107 744 1235 838 perite:

118 874 202 945 quae
238 849 333 920 enim
357 859 540 947 praecepte
561 850 815 947 principiorum
839 858 874 923 et
898 851 1137 923 narrationum
1162 876 1237 925 esse

116 960 316 1045 voluerunt,
338 959 427 1031 eain
441 961 525 1032 totis
537 960 754 1032 orationibus
767 967 850 1032 sunt
862 961 1108 1033 conservanda.
1143 961 1236 1033 Nam
1262 989 1293 1036 ae

117 1093 178 1164 ego
189 1068 278 1140 mibi
289 1067 500 1142 benevolum
512 1070 666 1143 iudicem
679 1070 816 1142 facilius
830 1070 942 1143 facere
955 1095 1112 1167 possum,
1126 1095 1236 1166 quum

117 1203 191 1250 sum
202 1178 239 1249 in
253 1203 358 1251 cursu
369 1180 557 1266 orationis,
571 1204 678 1275 quam
691 1204 802 1275 quum
815 1181 933 1252 omnia
954 1188 1037 1252 sunt
1060 1179 1235 1252 inaudita:

117 1287 260 1360 docilem
280 1296 415 1374 autem,
441 1313 511 1360 non
530 1313 641 1384 quum
653 1289 820 1383 polliceor
831 1313 887 1362 me
900 1288 1237 1375 demonstraturum,

117 1398 294 1484 sedtum,
315 1422 427 1493 quum
451 1397 559 1470 doceo
583 1405 618 1470 et
643 1398 809 1494 explano:
823 1406 999 1471 attentum
1011 1397 1239 1484 ver0‚crebro

117 1514 185 1578 tota
207 1507 344 1578 actione
372 1502 583 1602 [excitandis
608 1506 786 1580 mentibus
810 1502 1006 1603 iudicum]‚
1031 1531 1102 1579 non
1128 1508 1240 1604 prima

117 1616 380 1688 denuntiatione
407 1611 559 1711 [efficere
575 1611 794 1712 possumus}
823 1615 993 1690 Iamvero
1006 1617 1239 1690 narrationem
1265 1646 1296 1694 aa

117 1725 207 1820 quod
235 1723 363 1798 iubent
386 1726 612 1798 verisimilem
637 1750 733 1812 esse,
757 1734 793 1798 et
818 1735 995 1822 apertam,
1020 1734 1055 1798 et
1077 1725 1238 1812 brevem,
1263 1784 1265 1788 .

117 1844 204 1908 recte
236 1859 303 1906 nos
334 1835 543 1921 admonent3
577 1835 672 1931 quod
694 1835 780 1908 baec
804 1836 1013 1909 narrationis
1038 1837 1151 1932 magis
1174 1859 1239 1931 pu·

117 1951 188 2016 tant
222 1968 301 2016 esse
337 1945 495 2040 propria,
530 1969 635 2040 quam
669 1946 779 2018 totius
813 1945 1001 2032 orationis,
1028 1945 1128 2017 vaide
1153 1943 1241 2015 mihi

117 2053 275 2124 videntur
308 2077 437 2126 errare:
475 2054 691 2149 omninoque
723 2055 760 2126 in
796 2055 862 2127 hoc
894 2055 1009 2127 omnis
1042 2062 1095 2127 est
1128 2077 1240 2139 error,

118 2162 207 2257 quod
231 2163 459 2249 existimant,
486 2164 671 2236 artificium
698 2188 773 2236 esse
798 2164 863 2236 hoc
889 2164 1067 2260 quoddam
1084 2188 1155 2235 non
1169 2163 1240 2234 dis·

119 2273 226 2344 simile
250 2280 461 2358 ceterorum;
486 2273 684 2345 cuiusmodi
709 2273 753 2344 de
771 2273 850 2369 ipso
869 2273 945 2345 iure
966 2273 1060 2345 civili
1080 2274 1242 2345 hesterno

118 2382 171 2454 die
202 2383 353 2454 Crassus
386 2383 548 2479 componi
582 2407 684 2477 posse
717 2382 876 2469 dicebat,
907 2389 947 2454 ut
972 2405 1100 2478 genera
1124 2405 1241 2453 rerum

119 2492 267 2586 primum
293 2501 573 2588 exponerentur,
599 2492 636 2563 in
662 2516 734 2587 quo
758 2492 884 2563 vitium
910 2499 980 2578 est,
1008 2491 1037 2562 si
1057 2515 1170 2587 genus
1186 2490 1247 2561 ui·-

120 2601 188 2673 bim
205 2601 515 2699 praetermittitur3
537 2601 666 2672 deinde
684 2601 904 2697 singulorum
925 2625 1094 2697 generum
1106 2607 1243 2697 parteS,

119 2711 246 2808 inquo
272 2717 310 2783 et
336 2710 457 2782 deesse
480 2709 635 2809 aliquam
659 2718 814 2807 partem,
841 2717 875 2783 ct
888 2734 1072 2807 superare,
1098 2708 1242 2782 mendo-

121 2847 193 2893 sum
218 2828 291 2906 est;
316 2829 393 2893 tum
417 2819 601 2893 verborum
622 2820 781 2893 omnium
802 2821 1041 2906 definitiones
1062 2818 1243 2916 inquibus

120 2956 229 3028 neque
254 2930 380 3003 abesse
405 2929 600 3027 quidquam
625 2930 741 3017 decet,
768 2954 883 3027 neque
907 2928 1114 3002 redundare.
1356 2944 1392 3025 q

166 3041 231 3112 Sed
269 3040 340 3112 hoc
377 3040 406 3111 si
442 3039 480 3111 in
518 3040 594 3113 iure
629 3040 743 3127 civili,
770 3040 800 3111 si
830 3040 936 3141 ΨΒ]
960 3040 998 3111 in
1023 3038 1158 3134 pervia,
1183 3043 1243 3109 aut
1268 3038 1316 3108 20
1379 3059 1391 3087 ¹

121 3149 354 3223 mediocribus
378 3147 482 3221 rebus
506 3149 677 3268 ‘dmi-iores
701 3150 841 3245 assequi
866 3158 1033 3245 possunt,
1058 3148 1243 3220 nunidem
1268 3165 1301 3211 84

124 3498 175 3546 iare
191 3495 338 3560 requirebat
350 3510 380 3544 ea
393 3495 504 3554 adiecta,
518 3510 582 3558 quae
593 3511 620 3544 v.
634 3510 658 3545 c.
707 3495 773 3543 modi
789 3521 824 3529 -
837 3492 947 3550 dicebat,
969 3491 1132 3553 interponitur
1144 3491 1246 3553 reliquis

124 3577 223 3638 legimus
236 3591 331 3638 snpra,
353 3576 375 3623 Ι.
390 3580 402 3633 5
419 3576 459 3624 53.
472 3603 506 3610 —-
520 3575 659 3624 Moxidem
707 3572 783 3635 ipsius
802 3571 904 3621 Antonii
923 3569 1021 3618 verbis.-
1041 3583 1122 3630 neque
1140 3584 1180 3618 res
1192 3569 1246 3631 ipsa

124 3655 159 3701 vir
171 3656 273 3714 domus,
287 3652 468 3715 meprobante,
481 3651 660 3717 verbaeffieere
708 3651 880 3706 commendat,
908 3648 1028 3710 siquidem
1055 3661 1105 3695 non
1131 3654 1247 3697 accurate

121 3748 245 3793 porram
257 3746 360 3794 quoque
371 3732 484 3781 tollenda
495 3732 597 3780 iudicat.
708 3730 772 3778 haec
790 3728 943 3777 conveniunt
963 3740 1019 3774 curn
1039 3727 1095 3775 loeo
1115 3728 1165 3785 I.§
1182 3729 1245 3785 188,

60 3850 65 3858 .
156 3814 194 3860 83.
211 3815 242 3860 et
257 3825 353 3875 perere
369 3824 454 3859 rerum
462 3810 660 3872 primumerpa-
709 3822 761 3871 sq„
782 3811 808 3856 et
826 3807 869 3855 vix
886 3804 1005 3854 credibile
1019 3809 1056 3853 est
1068 3804 1203 3853 Antonium
1217 3820 1247 3854 ea

127 3892 249 3939 meritur.
293 3890 474 3946 Correxeram,
491 3890 661 3949 seponantur,
710 3888 827 3949 supplere
846 3891 890 3933 aut
902 3884 1026 3947 corrigere
1039 3882 1146 3931 voluisse
1155 3919 1162 3943 ,
1183 3898 1248 3945 quae

126 3970 252 4027 quoniam,
273 3968 295 4017 si
309 3967 663 4016 heeerelutaCrassodicta
711 3968 813 4015 Crassus
832 3964 982 4026 protulisset.
1016 3961 1110 4009 Eadem
1129 3962 1161 4010 de
1174 3976 1248 4010 eausa

126 4045 288 4104 traderentur,
296 4045 662 4108 neeesseeratmoxcorrigere,
706 4043 925 4106 praetermittitur
952 4056 965 4089 e
991 4038 1060 4088 libris
1079 4040 1247 4089 revocandum

126 4126 151 4170 ia
169 4140 215 4187 quo
233 4126 327 4175 citium
345 4127 424 4183 earet,
441 4126 663 4185 etpraeterreiite·
711 4123 771 4181 fuit,
785 4137 832 4184 pro
841 4119 1072 4182 praetermittitur.

127 4205 207 4261 retur,
225 4208 252 4252 et
270 4202 505 4260 manamaur,
519 4204 664 4252 etdecerei.
747 4204 788 4250 84.
805 4200 928 4247 doctiores
939 4198 1035 4259 assequi
1041 4198 1155 4257 pereunt.
1174 4195 1251 4243 inhis
1310 4246 1316 4268 ,

128 4280 179 4328 Non
198 4280 314 4343 pereuni
335 4280 476 4338 Ellendtio,
500 4281 569 4328 cuius
587 4280 664 4335 inter·
713 4279 851 4331 subiectum
868 4277 1052 4332 estdectr‘ores,
1067 4289 1097 4323 eo
1110 4274 1163 4335 ipso
1176 4273 1249 4321 vitio-
1309 4272 1332 4324 :3

127 4359 304 4417 pretationem,
327 4363 355 4406 ut
367 4357 453 4415 video,
468 4360 578 4419 sequitur
591 4360 665 4408 Pide·
714 4373 784 4414 sum,
797 4356 928 4417 quoniam,
943 4360 971 4402 nt
984 4354 1051 4410 boni,
1065 4353 1098 4401 ita
1112 4352 1250 4399 doctisono
1276 4333 1335 4440 J

127 4435 201 4485 titius.
225 4438 291 4493 Sed,
306 4450 388 4497 neque
400 4436 481 4485 forma
493 4437 609 4485 orationis
622 4452 665 4486 co-
714 4435 866 4486 substantive
880 4434 1007 4489 dicuntur,
1021 4432 1065 4479 sed
1076 4443 1123 4477 nec
1129 4430 1242 4477 meliores

128 4514 174 4574 git,
195 4520 222 4563 ut
243 4515 309 4563 haec
330 4529 361 4561 ex
381 4516 461 4563 Crassi
479 4521 561 4564 mente
578 4517 667 4565 tradite
715 4532 761 4565 nec
774 4515 904 4562 doctiores.
927 4510 1107 4573 corrigendum
1115 4512 1160 4565 est,
1175 4509 1231 4557 doct

128 4593 291 4653 accipientum
312 4597 393 4641 totum
414 4594 479 4641 enim
492 4594 570 4652 illud,
586 4596 666 4643 cuius·
690 4637 693 4652 ,
714 4597 730 4643 i.
746 4609 768 4643 e,
784 4594 824 4654 qui
838 4591 863 4640 id
877 4590 1024 4638 didicerunt.
