3242 5500
456 556 568 607 ureae
595 556 764 605 aramue.
794 540 810 619 1
838 539 919 607 102.
1181 541 1252 609 319

173 768 225 782 -κ
252 726 347 813 Quid
360 741 480 826 *petam
498 729 681 823 praesidi?
734 750 742 765 '

127 898 235 969 quam
266 872 411 959 leniter,
448 898 554 968 quam
583 872 745 959 remisse,
784 898 892 969 quam
920 898 990 945 non
1014 876 1173 946 aetuosel
1198 876 1251 947 in·

127 992 195 1055 stat
220 983 316 1055 euim

179 1120 210 1197 0
226 1136 355 1219 poter,
382 1122 557 1218 operrio,
585 1147 604 1195 o
623 1120 771 1195 Priami
791 1122 933 1196 clamas!

126 1270 163 1340 in
188 1292 259 1362 quo
282 1274 380 1339 tanta
404 1269 614 1338 commoveri
636 1267 724 1339 actio
747 1292 819 1339 non
845 1277 982 1362 posset,
1009 1268 1039 1339 si
1064 1277 1153 1341 esset
1170 1296 1252 1342 con·

128 1385 247 1449 sumta
282 1376 458 1473 superiore
490 1384 590 1448 motu
618 1384 653 1448 et
679 1376 859 1449 exhausta.
911 1378 1037 1473 Neque
1061 1378 1100 1449 id
1122 1388 1254 1453 actores

126 1487 226 1584 prius
262 1485 442 1571 viderunt,
479 1508 585 1580 quam
617 1485 689 1581 ipsi
713 1496 858 1582 poetae,
893 1510 999 1581 quam
1024 1487 1177 1582 denique
1202 1491 1254 1562 illi

127 1598 255 1682 etiam,
282 1596 345 1690 qui
368 1594 526 1667 fecerunt
549 1594 692 1681 modom
719 1620 739 1667 a
764 1594 893 1690 quibus
915 1597 1074 1691 utrisque
1092 1600 1253 1671 summit·

128 1704 216 1776 titur
253 1703 410 1798 aliquid,
450 1703 578 1775 deinde
612 1712 782 1798 augetur,
819 1713 1050 1791 extenuatur,
1089 1708 1254 1796 inflatur,

127 1814 303 1898 variatur,
340 1812 581 1907 distinguitur.
633 1812 688 1885 Ita
722 1813 768 1885 sit
794 1813 896 1885 nobis
919 1815 1030 1909 igitur
1054 1825 1196 1889 ornatus
1219 1828 1254 1890 et
1280 1850 1327 1897 roa

128 1924 244 1995 suavis
269 1928 385 1993 orator
411 1916 514 2015 [‚uec
539 1929 656 1993 tamen
683 1931 799 2017 potest
822 1924 925 1994 aliter
949 1918 1057 2018 essel,
1082 1933 1122 1996 ut
1136 1928 1249 1998 stravi-

127 2039 238 2103 tatem
271 2030 398 2102 habeat
433 2038 608 2103 austeram
633 2039 668 2103 ct
691 2032 858 2117 solidam,
886 2057 955 2103 non
980 2032 1118 2135 dulcem
1144 2044 1250 2131 atque

128 2141 328 2213 decoctam:
355 2164 437 2211 narn
461 2140 538 2233 ipsa
561 2140 607 2211 ad
623 2139 822 2212 ornandum
838 2151 1039 2236 praecepta,
1059 2168 1150 2237 quae
1163 2145 1249 2217 dan·

127 2260 203 2337 tur,
230 2248 403 2323 eiusmodi
429 2257 533 2335 sunt,
560 2256 600 2321 ut
623 2274 663 2321 ea
687 2250 845 2345 quamvis
866 2251 1112 2324 vitiosissimus
1136 2263 1252 2327 orator
1346 2289 1348 2292 ·

126 2534 160 2581 ita
174 2534 298 2595 legemus:
314 2546 399 2580 aenaea
410 2534 438 2580 ia
451 2534 666 2593 aimiavoioptate,
750 2534 807 2580 102.
824 2534 854 2580 ui
864 2534 1159 2593 inproaimo-iaeidai,
1177 2539 1252 2595 Quod

126 2612 348 2667 naturamoceate,
359 2612 494 2659 satiantur.
510 2612 549 2659 Sic
557 2612 577 2659 Ι,
587 2616 598 2669 ξ
609 2613 665 2669 132,
715 2610 755 2657 edi
768 2609 877 2668 solebat,
890 2612 917 2658 ia
925 2612 1063 2671 proximor,
1076 2611 1141 2663 bene
1153 2628 1251 2665 correc-

125 2690 238 2738 oecurrii
260 2690 372 2737 naturali
392 2690 497 2751 quadam
511 2688 664 2750 prudentia:

126 2774 151 2816 et
158 2769 227 2816 Orat.
238 2773 250 2827 ξ
260 2769 316 2825 178,
323 2769 407 2815 eadem
414 2768 557 2816 admonente
564 2769 665 2815 nutura.

126 2847 207 2909 Igitur
214 2861 272 2932 mox
279 2847 386 2904 aurium,
396 2860 458 2906 quae
466 2851 554 2894 natura
562 2850 607 2902 est,
620 2859 664 2906 op·

125 2924 227 2986 ponitur
235 2925 311 2970 animi
318 2923 421 2972 iudicio:
430 2923 496 2972 conf.
505 2923 597 2981 infra,§
609 2925 665 2970 192.

159 3003 277 3062 infucata
287 3003 372 3063 [vitia]
382 3005 527 3050 noceantur.
545 3001 665 3056 Primum,

125 3080 247 3128 assentior
275 3081 398 3140 Kaysero,
420 3081 481 3128 vitia
501 3080 665 3129 hincexolu·

714 2693 767 2737 tum
788 2693 826 2737 eet
845 2704 860 2736 a
880 2692 1001 2746 Grutero,
1019 2691 1047 2737 in
1056 2692 1184 2752 proximo,
1199 2695 1250 2743 for·

714 2771 778 2816 tasse
799 2767 900 2824 melius,
925 2768 952 2813 ia
967 2768 1098 2827 proaimic.
1140 2773 1173 2820 Et
1192 2787 1251 2821 sane

715 2859 765 2892 uon
785 2850 852 2893 recte
870 2846 993 2893 diceretur
1007 2851 1089 2906 actor,
1104 2850 1173 2908 quasi
1187 2849 1251 2900 forte

713 2921 823 2979 fortuna,
837 2924 947 2971 incidere
959 2923 986 2970 in
997 2937 1088 2972 ceratia.
1112 2927 1161 2975 Sed
1171 2928 1252 2989 ipsum

713 3001 777 3050 illud
796 3002 886 3048 incidit
905 3001 931 3049 in
952 3001 1011 3050 vitio
1032 3010 1083 3061 eat,
1097 3007 1252 3068 multumque

715 3079 840 3126 diversum
860 3079 927 3139 quod
947 3079 1036 3128 dicitur
1056 3081 1136 3140 infra,
1159 3088 1171 3142 ξ
1193 3087 1251 3136 217.

126 3159 205 3208 denti.
224 3159 273 3206 Sed
287 3159 451 3220 compositum
465 3158 581 3218 infucata
595 3160 667 3206 eLa·
715 3158 747 3204 Et
753 3157 870 3217 quoniam
877 3172 928 3204 non
934 3162 1031 3206 tantum
1038 3160 1176 3220 triarerba,
1189 3177 1252 3224 quae

124 3236 223 3285 tinitate
238 3236 386 3284 eiiciendum
400 3241 451 3294 est,
466 3237 666 3305 legendumque,
715 3234 1191 3299 adiiciunturaignifieant,quamsubito
1197 3257 1251 3290 mu·

126 3319 155 3362 ut
168 3312 274 3375 ubique,
283 3315 393 3374 fircata:
408 3319 433 3363 et
447 3315 576 3377 proprium
590 3314 667 3378 megia
714 3317 809 3362 teretur
824 3313 906 3363 Roscii
919 3320 1011 3377 gestus,
1026 3307 1258 3380 sedprimumquo·'

126 3394 174 3441 erit
192 3395 367 3456 concreantur.
716 3406 764 3453 que
786 3392 874 3440 eodem
891 3393 994 3442 concilio
1008 3396 1121 3457 usurpari
1134 3397 1253 3447 credibile

163 3471 221 3518 101.
240 3473 284 3517 iila
297 3470 583 3519 indicendoadmiratio.
601 3469 668 3529 Quid
716 3475 766 3528 eat,
787 3472 901 3533 corrigo,
921 3471 1032 3530 incedat,
1054 3473 1070 3521 i.
1092 3489 1116 3522 e.
1137 3476 1216 3538 erigat
1226 3493 1253 3526 se

127 3552 165 3597 est
179 3548 314 3596 admiratio
327 3549 354 3596 ia
368 3550 487 3597 diceudo?
516 3551 573 3612 Ipsa
589 3547 666 3596 admi·
716 3549 809 3597 maiore
820 3549 910 3596 fiducia
923 3549 1063 3610 animoque.
1096 3553 1152 3599 Dixi
1166 3555 1253 3602 deillo

126 3627 196 3673 ratio
217 3630 254 3674 est
274 3640 373 3684 eorum,
397 3627 438 3687 qui
451 3621 569 3684 audiuirt,
592 3641 667 3687 quum
716 3625 793 3674 verbo
805 3627 837 3674 ad
849 3627 992 3685 Oratorem,
1011 3630 1077 3686 526,
1092 3631 1252 3689 quodeodem

127 3705 278 3760 exclamant,
295 3718 341 3750 aaa
350 3705 436 3764 poteri
449 3707 547 3768 melica.-
563 3705 606 3754 sed
620 3705 669 3753 hoe
717 3705 791 3752 modo
804 3705 995 3768 intelligendum
1007 3707 1033 3754 iu
1045 3707 1121 3755 Coelii
1133 3709 1253 3770 Epistola,

128 3797 180 3830 non
194 3782 291 3830 faciunt
304 3783 448 3839 indicendo,
463 3783 516 3839 sed,
529 3783 668 3840 indicente,
718 3782 749 3829 ad
769 3783 828 3832 Div.
849 3785 923 3832 VIII.
943 3786 967 3832 9.
978 3787 1002 3832 l:
1017 3789 1071 3833 tum
1085 3787 1184 3835 laudavi
1198 3791 1253 3837 Ma·

128 3867 156 3908 ut
170 3861 347 3923 corrigendum
360 3861 422 3908 mihi
434 3861 541 3910 videtur.
574 3862 614 3910 Sic
627 3875 668 3909 su·
717 3860 823 3918 nutium,
838 3861 1254 3929 adCic.adDiv.Il.9.2.(inceaei

127 3953 189 4000 pra,
211 3940 233 3986 I.
256 3943 269 3997 §
293 3940 353 3996 152,
373 3940 549 3988 admirationes
562 3939 589 3988 in
602 3941 670 3987 torric
717 3939 828 3988 omuibus
841 3939 967 4002 laetitiia),
981 3948 1006 3990 et
1020 3942 1051 3990 de
1066 3944 1253 3993 ComiciePlau·

127 4019 278 4064 oratoribus.
313 4019 351 4065 De
380 4021 485 4074 constr,
508 4019 629 4066 admirari
643 4019 669 4064 in
717 4022 783 4075 tum,
805 4018 902 4066 Asinar.
924 4020 960 4067 II.
981 4021 1005 4068 3.
1028 4023 1069 4070 25.
1090 4023 1189 4071 Terent.
1204 4026 1253 4072 Eu·

128 4095 294 4156 cruentavit
308 4095 670 4158 Madvigiusadrin.p.1o.-
718 4095 793 4142 auch.
815 4098 846 4143 V.
868 4097 892 4144 3.
908 4099 937 4144 9:
956 4098 988 4146 ci.
1004 4100 1060 4147 Liv.
1076 4101 1157 4149 XLII.
1174 4104 1214 4150 59.
1230 4107 1254 4151 6.

128 4174 179 4222 Sed
199 4171 339 4221 abiicienda
359 4179 416 4222 aunt
436 4173 513 4230 haec,
534 4187 670 4220 aerumma
753 4175 809 4222 103.
830 4176 887 4236 [aec
904 4177 986 4224 tamea
994 4181 1080 4237 poteri
1092 4181 1168 4227 aliter
1180 4182 1254 4241 eaae].

128 4252 192 4309 leue,
208 4251 326 4312 quoniam
340 4250 402 4300 haec
417 4253 486 4299 nulla
500 4251 609 4308 aliaest,
624 4251 671 4298 nisi
720 4251 903 4313 ineptissimum
924 4254 1060 4312 emblema,
1073 4257 1099 4304 iu
1114 4271 1163 4318 quo
1176 4255 1255 4306 nemi·

126 4329 241 4390 perfecta
254 4329 346 4386 virtus,
366 4330 417 4378 sive
431 4330 599 4390 eloquentiae,
619 4329 670 4380 sive
719 4343 777 4378 nem
790 4331 922 4380 offendisse
935 4335 1010 4382 valde
1023 4335 1107 4382 miror.

127 4409 245 4456 oratoris:
269 4408 336 4456 conf.
359 4412 371 4466 §
395 4409 441 4456 104
464 4412 489 4456 et
511 4410 567 4456 105.
590 4409 670 4457 ·Cum
752 4421 830 4470 quare
847 4411 954 4458 -ailca
967 4425 1052 4460 reram
1066 4415 1255 4474 [arrectaria-

127 4486 297 4534 admiratione
310 4487 426 4550 couiungi
441 4491 538 4548 poterat
552 4487 669 4545 mactatio,
719 4488 787 4548 rum]
810 4491 974 4548 comparanda
990 4493 1035 4538 eat.
1069 4491 1205 4540 Turbatum
1220 4499 1257 4542 est

128 4579 179 4612 non
197 4565 258 4613 item
273 4566 336 4612 laeta.
718 4565 744 4612 in
765 4565 818 4622 his,
839 4572 912 4627 atque
933 4569 1008 4616 series
1028 4574 1054 4616 et
1071 4571 1185 4632 cognatio
1198 4585 1255 4619 sen·
