3242 5500
687 487 776 556 56
1362 505 1590 553 LIBER
1644 505 1943 554 PRIMUS.
2000 487 2035 566 §
2092 486 2251 554 131.

687 677 868 748 fecta
938 681 1166 772 potest
1237 676 1650 772 pervenire?
1726 676 1908 747 Tum
1972 675 2130 761 ille,
2196 675 2350 770 Ego
2397 699 2597 760 vem,
2650 675 2920 772 inquit,

691 786 881 882 quod
929 786 1001 856 in
1053 783 1248 856 vobis
1298 786 1653 881 egregiam
1702 785 2080 881 quamdam
2128 809 2207 856 ac
2255 784 2676 881 praeclaram
2726 785 2923 856 indo-

691 896 830 967 lem
901 894 991 966 ad
1053 893 1432 968 dicendum
1497 919 1647 966 esse
1711 895 2046 990 cognovi,
2113 894 2371 966 idcirco
2418 893 2588 965 haec
2636 895 2927 991 exposui

692 1004 965 1090 omnia,
1030 1028 1159 1075 nec
1221 1005 1447 1099 magis
1521 1004 1612 1076 ad
1678 1029 1810 1076 eos·
1858 1002 2305 1075 deterrendos
2328 1062 2345 1088 ,
2400 1003 2524 1097 qui
2574 1027 2716 1074 non
2768 1028 2925 1099 pos-

695 1120 889 1199 sent,
964 1109 1183 1208 quam'
1241 1114 1331 1185 ad
1394 1138 1514 1185 vos
1537 1172 1556 1200 ‚
1610 1114 1734 1207 qui
1782 1114 2080 1209 possetis
2103 1172 2121 1199 ,
2162 1111 2613 1184 exacuendos
2662 1136 2928 1184 accom-

694 1223 973 1295 modavi
1043 1223 1428 1294 orationem
1501 1247 1753 1294 meam.
1855 1223 1984 1308 Et,
2036 1246 2464 1318 quamquam
2512 1221 2586 1292 in
2636 1229 2935 1317 utroque

695 1339 1004 1404 vestrum
1053 1357 1410 1404 summum
1457 1357 1608 1403 esse
1658 1333 2026 1428 ingenium
2077 1331 2533 1426 studiumque
2581 1331 2934 1427 perspexi,

698 1450 929 1513 tamen
981 1440 1190 1526 haec,
1243 1465 1423 1536 quae
1466 1449 1634 1513 sunt
1682 1442 1754 1538 in
1807 1441 2035 1538 specie
2068 1441 2336 1537 posita,
2380 1439 2468 1510 de
2492 1439 2752 1534 quibus
2777 1440 2937 1536 plu-

679 1575 755 1622 ra
825 1550 1119 1621 fortasse
1192 1549 1381 1636 dixi,
1462 1574 1703 1644 quam·
1750 1550 1977 1622 solent
2052 1549 2298 1621 Graeci
2364 1547 2630 1634 dicere,
2696 1549 2771 1620 in
2821 1557 2936 1633 te,

541 1695 634 1742 132
686 1657 998 1755 Sulpici,
1065 1657 1302 1730 divina
1368 1667 1556 1731 sunt.
1678 1659 1832 1755 Ego
1891 1660 2081 1731 enim
2145 1658 2502 1730 neminem
2567 1683 2696 1730 nec
2744 1665 2945 1729 motu

683 1767 1032 1863 corporiS,
1085 1792 1316 1862 neque
1365 1768 1520 1862 ipso
1567 1767 1820 1840 habitu
1866 1776 2078 1864 atque
2128 1768 2351 1839 forma
2374 1767 2717 1862 aptiorem
2740 1826 2757 1853 ,
2812 1791 2946 1838 nec

685 1901 850 1949 voce
923 1876 1310 1972 pleniorem
1384 1885 1504 1948 aut
1577 1878 1967 1949 suaviorem
2038 1877 2214 1948 mihi
2297 1876 2536 1947 videor
2618 1876 2903 1949 audisse
2916 1909 2943 1960 .;

688 2010 867 2082 quae
939 1985 1200 2081 quibus
1271 2011 1313 2057 a
1375 1994 1628 2059 natura
1691 1988 1967 2059 minora
2015 1987 2178 2058 data
2228 1993 2429 2070 sunt,
2480 1992 2713 2056 tamen
2764 1984 2943 2056 illud

695 2095 974 2189 assequi
1022 2103 1360 2191 possunt,
1414 2104 1495 2168 ut
1544 2097 1631 2168 iis
1664 2155 1683 2182 ,
1733 2089 1913 2193 >quae
1940 2095 2286 2180 habeant,
2328 2094 2600 2165 modice
2625 2102 2695 2165 et
2722 2094 2947 2165 scien-

692 2214 798 2277 ter
868 2211 1199 2291 utantur‚
1268 2213 1338 2276 et
1387 2214 1468 2277 ut
1516 2230 1606 2277 ne
1656 2205 2008 2278 dedeceat.
2114 2205 2202 2278 Id
2251 2203 2440 2275 enim
2490 2211 2596 2274 est
2644 2202 2953 2274 maxime

694 2313 1103 2400 vitandum,
1180 2321 1251 2385 et
1326 2314 1412 2385 de
1483 2315 1614 2387 hoc
1691 2339 1835 2386 uno
1910 2315 2203 2386 minime
2269 2320 2372 2384 est
2428 2311 2634 2384 facile
2680 2312 2949 2407 praeci·-

698 2448 901 2520 pere,
981 2448 1122 2495 non
1198 2423 1374 2494 mihi
1449 2425 1660 2496 modo
1682 2483 1701 2510 ,
1778 2424 1903 2518 qui
1977 2423 2157 2495 sicut
2187 2416 2955 2529 [unus]paterfamilias

699 2533 812 2604 his
875 2532 965 2604 de
1011 2531 1223 2603 rebus
1276 2531 1562 2628 loquor,
1618 2533 1744 2604 sed
1792 2534 2000 2604 etiam
2050 2532 2187 2628 ipsi
2234 2530 2339 2603 illi
2391 2531 2644 2601 Roscio
2665 2588 2683 2614 ,
2739 2552 2954 2623 quem

703 2666 910 2738 saepe
958 2640 1170 2712 audio
1219 2641 1489 2728 dicere,
1544 2643 1778 2739 Caput
1829 2667 1979 2714 esse
2027 2643 2195 2713 artis
2219 2701 2236 2726 ,
2290 2639 2574 2724 decere,
2629 2638 2822 2733 quod
2844 2645 2955 2709 ta-

705 2862 819 2909 Non
840 2866 962 2923 puto
987 2860 1190 2923 Sulpicii
1201 2862 1356 2910 menti
1369 2862 1637 2912 convenire
1652 2862 1782 2911 hanc

705 2938 1044 3002 interrogandi
1066 2940 1277 2987 formam
1292 2976 1305 2998 ,
1331 2956 1478 3001 quam
1507 2942 1649 2990 Coni.
1666 2930 1783 2989 nam

705 3017 908 3065 inchoet
923 3052 936 3075 ,
980 3016 1117 3078 quasi
1155 3017 1423 3066 absurdum
1460 3020 1580 3080 quid
1607 3021 1783 3068 Crasso

707 3094 974 3154 obiiceret,
1025 3097 1301 3144 necessario
1352 3098 1653 3160 negandum.
1723 3099 1785 3146 In

712 3177 813 3223 Gu.
857 3175 902 3221 1.
943 3173 1090 3221 video
1131 3174 1288 3223 omitti
1328 3190 1444 3222 num
1487 3178 1578 3223 tu.-
1620 3180 1671 3224 et
1710 3176 1785 3223 his

709 3251 859 3301 facile
883 3250 1175 3300 carebimus.
1198 3280 1268 3288 —
1291 3253 1463 3301 Statim
1475 3258 1605 3315 post,
1634 3254 1789 3317 (hunc

719 3329 937 3392 Cottam)
981 3332 1367 3393 expungendum
1395 3336 1469 3380 est
1495 3333 1669 3381 Cottae
1695 3347 1787 3380 no-

714 3422 848 3457 men.
931 3407 1032 3457 Ubi
1078 3410 1418 3470 colloquentes
1455 3410 1524 3459 ita
1563 3408 1791 3464 δεικτικῶς

713 3488 802 3536 illo
842 3487 1142 3536 Pronomine
1183 3492 1415 3547 utuntur,
1457 3504 1560 3537 non
1600 3490 1792 3538 addunt

716 3568 911 3615 Nomen
940 3566 1214 3628 proprium.

789 3646 900 3692 132.
934 3646 1066 3693 sieut
1092 3659 1220 3693 unus
1236 3646 1631 3705 paterfamiliae.
1696 3646 1794 3704 Qui

719 3721 984 3770 novissime
1011 3721 1147 3783 hunc
1172 3724 1338 3770 locum
1360 3724 1616 3781 tractavit,
1646 3724 1795 3779 Pide-

718 3800 858 3848 ritius
876 3834 890 3857 ,
939 3800 1167 3862 agnovit,
1207 3800 1334 3848 sicut
1373 3799 1635 3861 oportebat
1650 3836 1663 3858 ,
1704 3802 1796 3849 ista

720 3876 839 3926 ferri
878 3891 980 3925 non
1018 3892 1188 3939 posse,
1231 3893 1528 3939 quamquam
1552 3883 1692 3927 recte
1720 3878 1795 3925 di-

723 3959 918 4005 ceretur
943 3969 1118 4016 supra,
1148 3960 1173 4013 5
1206 3957 1316 4013 111,
1347 3958 1486 4017 quasi
1512 3972 1641 4004 unus
1668 3973 1694 4005 e
1722 3958 1795 4003 to-

721 4036 951 4095 yatorum
976 4048 1175 4081 numero
1188 4068 1202 4092 ,
1230 4048 1322 4096 pro
1351 4033 1528 4097 quibus
1555 4049 1674 4083 sane
1696 4048 1797 4082 non

1878 2862 2145 2911 admodum
2172 2864 2378 2923 apparet
2399 2874 2470 2907 ex·
2482 2858 2558 2917 iis,
2587 2872 2713 2921 quae
2728 2858 2959 2907 contule-

1877 2946 1997 2989 runt
2021 2940 2114 2987 viri
2142 2940 2274 2987 docti
2302 2938 2366 2986 ad
2393 2938 2536 2986 Offic.
2567 2938 2609 2985 Ι.
2640 2934 2805 2997 5109)
2819 2941 2928 2983 tum
2945 2970 2960 2991 ,

1881 3018 1921 3068 si
1962 3034 1990 3066 e
2026 3022 2261 3065 contextu
2288 3020 2523 3077 appareat
2546 3028 2824 3063 sermonem
2851 3028 2962 3061 esse

1883 3098 1946 3145 de
1973 3102 2108 3145 certo
2136 3096 2350 3157 quodam
2364 3108 2547 3156 genere
2560 3093 2846 3149 hominum,
2875 3092 2965 3151 qui

1882 3175 2012 3223 inter
2039 3189 2092 3222 se
2120 3172 2393 3233 comparari
2421 3171 2633 3234 possint3
2670 3171 2769 3218 hoc
2794 3175 2964 3217 autem

1885 3254 1998 3301 loco
2038 3266 2141 3299 non
2174 3249 2386 3313 intelligi
2420 3264 2565 3311 posse
2591 3252 2775 3296 multos·
2799 3248 2861 3295 de
2886 3248 2969 3295 hie

1887 3333 2031 3379 rebus
2070 3329 2235 3390 loqui,
2266 3329 2355 3377 sed
2380 3327 2741 3389 oppositionem
2770 3326 2961 3388 quaesi-

1886 3415 1989 3457 tam
2030 3422 2134 3456 esse
2172 3408 2300 3455 inter
2326 3411 2529 3467 patrem
2542 3407 2777 3467 familias
2801 3410 2852 3453 et
2877 3404 2968 3452 Ιιαε

1887 3501 1971 3535 ree
1985 3521 1999 3544 ,
2040 3500 2165 3547 quae
2206 3484 2269 3533 ab
2306 3486 2395 3533 illo
2431 3485 2755 3533 alienissimae
2791 3487 2931 3531 erant
2949 3517 2964 3539 ,

1890 3566 1973 3627 qui
1995 3566 2145 3626 longe
2160 3564 2353 3611 diversa
2367 3578 2539 3611 curare
2554 3564 2753 3611 soleret.
2790 3562 2966 3621 Itaque

1890 3644 2064 3691 eodem
2088 3644 2235 3690 modo
2250 3642 2406 3698 infra,
2434 3646 2458 3699 ξ
2478 3642 2589 3699 159,
2619 3653 2969 3702 quemcumque

1881 3720 2321 3782 patremfamilias
2332 3721 2688 3793 agripuissetis.
2723 3718 2967 3781 Equidem

1892 3813 2173 3861 expungam
2213 3813 2341 3845 unua
2356 3834 2369 3857 ,
2410 3799 2593 3846 frustra
2625 3795 2688 3845 ab
2716 3796 2969 3845 Enendtio

1893 3878 2170 3926 defensum.
2238 3877 2349 3926 Alia
2373 3876 2563 3925 ratione
2590 3890 2720 3924 unus
2744 3890 2775 3923 e
2798 3875 2971 3923 multis

1894 3956 2095 4018 ponitur
2123 3957 2221 4004 ΙΙΙ.
2253 3961 2286 4019 ξ,
2311 3957 2422 4004 136.

1967 4037 2080 4083 133.
2128 4035 2295 4082 nostro
2345 4046 2480 4081 more
2530 4031 2795 4093 aliquando
2851 4033 2972 4093 [non

727 4111 928 4159 dixisset
977 4113 1116 4172 quasi
1153 4113 1364 4175 loqutus.
1447 4113 1594 4172 Quod
1634 4118 1800 4161 autem
1898 4114 2167 4175 rhetorico]
2220 4116 2489 4173 loquamur.
2571 4110 2819 4169 Quoniam
2858 4109 2972 4157 satis

727 4190 768 4237 is
805 4189 879 4238 vir
906 4190 1105 4248 doctus,
1136 4191 1515 4251 paterfamilias
1539 4191 1797 4251 abiicienS,

729 4267 956 4317 substitui
979 4268 1308 4326 commendat,
1336 4271 1468 4317 sieut
1494 4275 1799 4319 unmemul-

737 4348 801 4392 tis
815 4381 828 4405 ,
869 4338 971 4394 non
1007 4346 1256 4409 reputavit
1292 4347 1430 4395 illam
1469 4346 1681 4396 formam
1726 4351 1803 4397 lo-

1899 4196 2092 4241 constat
2120 4206 2181 4239 ex
2194 4191 2452 4239 antecedd.
2482 4189 2643 4253 (conf.
2674 4193 2699 4247 §
2730 4190 2811 4237 99.
2839 4186 2971 4250 sqq.)

1902 4272 2132 4319 Crassum
2171 4270 2383 4331 quodam
2412 4269 2559 4316 modo
2588 4266 2799 4315 invitum
2823 4267 2885 4315 ad
2910 4266 2970 4313 il-

1896 4352 2000 4398 -lam
2054 4349 2433 4411 disputationem
2486 4353 2536 4394 et
2573 4346 2973 4408 praeceptionem

737 4423 916 4484 quendi
947 4425 1172 4487 usurpari
1199 4438 1317 4473 sane
1343 4425 1396 4472 in
1423 4426 1692 4475 modestiae
1720 4432 1805 4475 aut
1902 4427 2161 4477 accessisse
2179 4463 2191 4486 ,
2233 4426 2549 4489 perspicuum
2589 4430 2665 4473 est
2702 4440 2817 4472 eum
2842 4438 2975 4471 nune

1904 4506 2196 4565 existimare,
2210 4519 2260 4555 se
2271 4503 2665 4553 adolescentibus
2672 4502 2770 4551 illis
2780 4501 2976 4550 abunde
