3242 5500
421 599 762 652 inanescentibus.
791 582 807 662 i
835 581 919 649 aad.
1162 582 1229 649 all

115 774 183 845 deri
219 772 469 859 tectissimum,
508 770 760 869 propriumque
794 771 860 843 hoc
895 796 969 844 esse
993 772 1106 843 laudis
1129 780 1230 857 tuae,

114 883 196 954 nihil
236 908 256 954 a
298 892 333 954 te
367 906 536 979 umquam
574 906 648 953 esse
684 881 838 967 dictum,
876 882 969 977 quod
1004 880 1142 953 obesset
1177 882 1229 966 ei,

112 1018 169 1087 pro
205 1017 276 1087 quo
313 991 456 1063 diceres.
509 990 622 1087 idque
655 991 822 1061 memoria
855 999 974 1076 teneo,
1008 1015 1119 1086 quum
1143 990 1230 1061 mihi

112 1125 322 1194 sermonum
347 1100 411 1172 hoc
439 1095 619 1195 [Crasso],
653 1100 774 1171 multis
799 1099 1036 1186 audientibus,
1062 1110 1154 1172 esset
1175 1099 1228 1171 in·

111 1210 267 1295 stitutus,
302 1209 519 1305 Crassusque
552 1208 713 1304 plurimis
746 1208 860 1280 verbis
894 1209 1130 1303 eloquentiam
1155 1209 1229 1280 lau·

110 1318 201 1390 daret
239 1328 353 1404 tuam,
396 1317 526 1390 dixisse
569 1342 641 1405 me,
684 1342 765 1391 cum
806 1318 928 1390 ceteris
960 1320 1030 1389 tuis
1064 1317 1228 1389 laudibus

109 1427 192 1499 hanc
217 1452 294 1499 esse
320 1428 372 1498 vel
397 1428 604 1512 maximam,
637 1426 732 1522 quod
758 1451 829 1497 non
856 1427 991 1513 solum,
1018 1427 1111 1523 quod
1140 1451 1229 1521 opus

109 1546 210 1622 esset,
248 1536 401 1621 diceres,
437 1536 499 1609 sed
533 1536 657 1621 etiam,
689 1535 784 1632 quod
810 1559 879 1607 non
907 1561 996 1631 opus
1022 1545 1129 1621 esset,
1156 1560 1227 1606 non

108 1644 251 1733 dicares:
285 1655 362 1717 tum
389 1646 490 1717 illum
515 1646 602 1717 mihi
627 1645 840 1740 respondere
863 1646 1026 1731 memini,
1053 1654 1168 1717 cetera
1190 1646 1225 1715 in
1252 1668 1299 1717 arr

106 1764 137 1826 te
171 1779 309 1826 summe
345 1779 420 1827 esse
445 1755 639 1840 laudanda,
667 1754 757 1825 illud
782 1778 861 1825 vero
886 1754 1038 1850 improbi
1063 1778 1139 1826 esse
1164 1754 1236 1825 ho·-

106 1864 205 1935 miuis
232 1872 269 1935 et
292 1865 487 1959 perfidiosi,
514 1864 646 1950 dicere,
671 1864 767 1959 quod
789 1864 944 1935 alienum
969 1873 1079 1950 esset,
1106 1873 1140 1936 et
1163 1888 1224 1936 no·

105 1982 190 2045 caret
226 1974 280 2059 ei,
320 1998 382 2070 pro
418 1998 488 2068 quo
524 1974 604 2069 quis
639 1974 784 2045 diceret:
820 1998 928 2068 quare
953 1997 1025 2044 non
1052 1972 1119 2045 sibi
1144 1998 1225 2043 aum

105 2083 292 2167 disertum,
329 2082 389 2178 qui
423 2082 461 2153 id
494 2106 565 2153 non
591 2082 738 2166 faceret,
764 2082 891 2167 videri,
919 2082 981 2153 sed
1006 2081 1224 2177 improbum,
1296 2072 1302 2080 ’

103 2193 160 2287 qui
194 2192 336 2263 faceret.
388 2192 513 2276 Nunc,
552 2192 580 2263 si
612 2191 678 2264 tibi
712 2190 868 2276 videtur,
901 2190 1054 2277 Antoni,
1080 2191 1224 2263 demon·

103 2310 184 2375 stres
217 2300 347 2387 velim,
384 2325 491 2397 quare
525 2313 566 2373 tu
600 2300 664 2371 hoc
696 2299 746 2372 ita
771 2324 941 2396 magnum
967 2309 1090 2395 putes,
1120 2296 1226 2395 [nihil

102 2411 136 2482 in
171 2436 278 2483 causa
311 2410 395 2481 mali
428 2405 575 2503 iacere]
612 2418 651 2481 ut
679 2408 768 2481 nihil
799 2409 865 2499 tibi
891 2410 927 2480 in
953 2417 1087 2483 oratore
1112 2411 1225 2482 maius

102 2544 172 2592 esse
196 2520 369 2591 videatur.

145 2629 273 2701 Dicam
308 2628 491 2725 equidem,
520 2628 647 2700 Caesar
675 2622 847 2724 Linquit,
875 2628 962 2723 quid
988 2626 1222 2725 intelligam]:
1252 2642 1298 2711 74

101 2738 159 2810 sed
184 2746 218 2811 et
243 2745 303 2826 tu,
331 2744 364 2810 et
392 2763 451 2810 vos
476 2762 598 2810 omnes
618 2737 706 2824 hoo,
733 2733 867 2833 inquit,
894 2746 1126 2826 mementote,
1152 2765 1223 2811 non
1251 2771 1297 2815 ros

102 2839 153 2920 rire
177 2848 222 2919 de
247 2848 394 2944 perfecti
420 2847 565 2920 oratoris
591 2847 774 2920 divinitate
792 2846 943 2943 quadam
961 2848 1074 2943 loqui,
1101 2850 1224 2921 sedda
1251 2908 1256 2929 ,

101 2957 358 3030 exercitationis
376 2968 410 3029 et
427 2957 690 3030 consuetudinis
708 2981 805 3028 meae
822 2956 1073 3029 mediocritate.
1107 2958 1225 3030 Crassi

101 3067 241 3162 quidem
277 3090 486 3162 responsum
512 3067 713 3138 excellentis
739 3066 921 3138 cuiusdam
948 3075 1001 3138 est
1026 3067 1160 3162 ingenii
1185 3093 1224 3140 ac

101 3177 288 3273 singularis
301 3209 309 3262 3
344 3176 401 3247 cui
434 3176 577 3270 quidem
601 3175 756 3272 portenti
779 3175 893 3247 simile
913 3200 988 3248 esse
1014 3177 1127 3248 visum
1152 3186 1222 3262 est,

100 3311 197 3382 posse
227 3287 386 3380 aliquem
418 3285 567 3356 inveniri
599 3292 789 3370 oratorem,
824 3285 885 3380 qui
911 3285 1046 3381 aliquid
1071 3287 1154 3358 mali
1174 3287 1224 3358 ia·

100 3405 188 3469 cerat
222 3394 395 3479 dicend0,
421 3393 629 3490 obessetque
653 3395 704 3479 ei,
730 3419 837 3488 quem
862 3393 1074 3466 defenderet.
1127 3396 1225 3467 Facit
1250 3431 1297 3476 290

103 3581 399 3594 -—-——-——-·

100 3690 154 3750 quid
169 3691 276 3740 Crassus
288 3691 342 3736 tum
350 3689 472 3746 sensisset,
487 3689 639 3738 restituenda
722 3688 780 3739 297.
793 3702 843 3750 pro
864 3701 911 3750 quo
931 3689 986 3750 qais
1006 3687 1108 3736 diceret.
1143 3690 1224 3737 Revo-

99 3768 155 3815 rnihi
174 3769 279 3817 videtur
299 3767 379 3814 forma
400 3766 472 3814 huius
493 3767 639 3816 uenationis
688 3768 742 3815 cavi
764 3769 832 3828 quir,
854 3781 930 3827 quum
949 3765 1081 3814 novissime
1094 3767 1134 3814 edi
1147 3769 1226 3816 soleat

100 3845 121 3893 iu
141 3847 208 3894 hunc
230 3845 351 3893 modum:
375 3871 409 3880 -
429 3845 593 3908 diademaque
613 3847 640 3892 in
689 3847 799 3908 quicque.

100 3926 233 3972 ceteria—
247 3939 300 3972 noa
313 3924 421 3980 diceres,
437 3925 490 3971 tum
504 3923 640 3972 illammihi
722 3925 778 3972 298.
797 3923 877 3970 dicam
897 3923 1023 3983 equidem.
1047 3923 1139 3971 Caesar
1157 3925 1224 3986 [,in-

100 4014 120 4047 r.
137 4018 168 4050 m.
183 4031 226 4050 -.
253 4004 287 4050 In
302 4001 339 4048 his
354 4003 563 4063 Praepositiouem
577 4017 639 4063 quo·
688 4003 757 4064 quil,
780 4001 842 4063 quid
859 4001 1008 4064 intelliyam]
1024 4028 1066 4049 -.
1100 4003 1225 4052 Nontan·

102 4095 145 4141 qne
166 4081 281 4138 mutavi,
309 4080 376 4140 quod
389 4080 432 4128 vix
445 4081 546 4129 defendi
559 4087 641 4144 potest
687 4085 755 4138 tum,
772 4081 839 4141 quod
853 4081 976 4141 Kayserus
989 4079 1067 4138 vidit,
1082 4079 1228 4143 verbaquid

100 4173 150 4206 cum
164 4161 259 4207 ceteris
272 4185 308 4194 -
321 4160 462 4206 marimum.
599 4182 608 4192 ·
688 4158 837 4218 iutelliqcm,
852 4158 896 4205 sed
909 4158 1061 4218 praecedens
1075 4173 1173 4220 quoque
1187 4161 1224 4206 in-

133 4237 209 4299 [m'hil
227 4240 257 4286 in
276 4250 351 4296 caasa
365 4239 423 4284 mali
431 4237 546 4299 sacrun]¹
582 4239 640 4286 Iura
689 4237 744 4299 quit
764 4235 953 4292 obiiciendum,x
967 4251 1025 4284 mox
1044 4251 1089 4284 suo
1110 4238 1166 4284 loco
1179 4252 1225 4298 po·

100 4314 158 4363 haec
184 4316 292 4364 insititio
315 4329 368 4364 esse
388 4316 480 4364 iudicat
500 4317 639 4377 Kayserus,
689 4315 772 4363 situm.

100 4394 163 4452 quod
183 4395 282 4443 inutilis
297 4392 359 4442 haec
373 4394 504 4456 explicatio
518 4395 641 4444 adiicitur.
723 4395 780 4441 299.
799 4393 843 4438 sed
861 4406 903 4455 epo
920 4393 1101 4452 —prudentia
1114 4393 1226 4451 diopeta-

100 4470 190 4520 Malum
206 4473 305 4534 facere
325 4473 351 4518 in
365 4487 439 4520 caasa
452 4473 557 4521 recurrit
569 4487 639 4530 mox,
690 4474 752 4518 tum.
793 4472 888 4519 Desero
911 4486 978 4518 nunc
997 4486 1051 4518 eam
1071 4470 1226 4531 opinionem,

101 4554 111 4606 ξ
125 4552 184 4608 303,
202 4551 274 4613 quod
291 4555 303 4608 ξ
318 4553 367 4599 298
381 4558 419 4600 est
431 4552 528 4612 aliquid
533 4553 591 4599 meli
593 4552 639 4612 fa·
690 4564 766 4611 quum
780 4549 826 4596 ista
837 4549 997 4597 insititiaesse
1004 4546 1157 4609 suspicabar:
1172 4553 1226 4595 tum

100 4630 281 4678 condicendo.
319 4629 391 4676 Cous.
408 4634 419 4688 ξ
435 4631 498 4687 306,
514 4632 556 4678 fin.
691 4629 733 4686 al,
750 4628 817 4689 quod
824 4626 959 4683 subiicitur,
975 4627 1225 4687 quamquaminmul-

1003 4716 1032 4761 lo
