3242 5500
434 532 547 583 61666
573 531 776 581 66666666.
804 515 822 594 §
848 512 931 581 366.
1176 511 1247 580 269

117 706 176 776 An
215 728 319 799 erge,
357 705 495 801 inquit,
532 703 663 777 oblitus
698 729 754 790 es,
791 704 936 789 Crasse,
974 702 1171 775 Antonium
1198 701 1248 774 166

117 816 287 911 partitum
326 839 401 887 esse
432 823 569 902 tecum,
610 822 649 887 ut
683 814 758 911 ipse
791 814 1068 886 instrumentum
1101 812 1248 885 oratoris

118 932 328 1021 exponeret,
355 924 421 996 tibi
447 926 522 997 eius
546 924 806 997 distinctionem
829 932 933 1019 atque
958 930 1121 995 ornatum
1145 924 1249 996 relin-

118 1035 268 1132 queret?
294 1034 365 1107 Hic
389 1035 469 1121 ille,
496 1035 677 1121 Primum,
705 1035 784 1131 quis
810 1033 967 1106 Antonio
988 1033 1168 1131 permisit,
1194 1037 1248 1106 in-

119 1146 216 1243 quit,
241 1152 282 1217 ut
300 1152 333 1217 et
351 1146 421 1218 mei
433 1153 549 1242 partes
563 1146 709 1231 faceret,
729 1152 779 1231 et,
798 1151 914 1216 utram
926 1144 1045 1230 vellet,
1068 1143 1163 1240 prior
1174 1144 1251 1239 ipsc

120 1256 302 1328 sumeret?
347 1254 507 1342 Deinde,
544 1256 572 1327 si
607 1276 672 1351 ego
696 1261 789 1326 recte
811 1253 988 1339 intellexi,
1015 1278 1126 1350 quum
1150 1253 1250 1325 valde

118 1365 274 1437 libenter
304 1364 483 1451 audirem,
520 1365 608 1437 mihi
630 1365 815 1438 coniuncte
841 1371 893 1436 est
918 1365 1013 1436 visus
1036 1364 1080 1436 de
1101 1371 1250 1459 utraque

119 1500 156 1547 re
181 1475 311 1547 dicere.
363 1474 428 1547 Ille
449 1500 558 1562 vero,
572 1476 688 1571 inquit
712 1475 837 1561 Cotta,
862 1482 1068 1548 ornamenta
1085 1473 1250 1545 orationis

121 1609 192 1657 non
220 1584 359 1679 attigit,
386 1608 501 1680 neque
525 1609 601 1657 eam
627 1584 787 1671 laudem,
814 1609 857 1657 ex
880 1609 951 1681 qua
973 1583 1171 1679 eloquentia
1188 1607 1249 1654 no·

121 1719 203 1766 men
249 1718 352 1766 suum
390 1694 534 1767 invenit.
599 1693 717 1766 Verba
758 1694 886 1789 igitur,
933 1694 1049 1790 166616
1083 1694 1251 1777 Crassus,

121 1804 211 1875 rnihi
235 1804 378 1900 reliquit
401 1803 599 1891 Antonius,
627 1828 700 1877 rem
722 1804 798 1900 ipse
820 1805 956 1876 sumsit.
997 1805 1088 1877 Tum
1107 1804 1250 1887 Caesar,
1276 1825 1322 1875 scr

122 1914 181 1999 Si,
212 1913 309 2009 quod
332 1912 508 1986 difficilius
533 1922 606 2001 est,
631 1914 667 1986 id
694 1913 760 1987 tibi
783 1914 945 2010 reliquit,
972 1921 1023 1986 est
1047 1912 1169 1999 nobis,
1196 1912 1249 1983 in·

121 2024 224 2119 quit,
261 2048 385 2109 66666,
418 2048 481 2095 cur
513 2032 548 2096 te
579 2024 701 2096 audire
725 2025 927 2121 cupiamus:
952 2024 1024 2110 sin,
1049 2023 1145 2119 quod
1167 2022 1250 2094 faci·

120 2134 213 2217 lius,
247 2131 313 2203 tibi
348 2156 452 2205 eausa
487 2157 557 2205 non
594 2141 668 2219 est,
703 2158 765 2206 cur
798 2157 947 2205 recuses.
1000 2134 1047 2205 nt
1081 2132 1250 2218 Gelidus,

123 2242 253 2318 Quid?
288 2242 380 2337 quod
415 2241 555 2328 dixisti,
589 2243 726 2337 inquit,
756 2244 901 2329 Crasse,
926 2243 956 2315 si
977 2242 1081 2315 hodie
1100 2242 1195 2337 apud
1216 2248 1252 2312 tc

121 2376 368 2436 maneremus
406 2360 440 2423 te
475 2376 607 2425 morem
644 2351 747 2425 nobis
780 2377 855 2425 esse
888 2361 1091 2448 gesturum,
1115 2351 1252 2423 nihilne

122 2462 169 2533 ad
207 2461 315 2533 fidem
349 2468 446 2534 tuam
480 2469 585 2559 putas
623 2462 824 2559 pertinere?
860 2464 951 2535 Tum
985 2463 1090 2535 Cotta
1113 2462 1251 2547 ridens,

123 2572 272 2643 Possem
285 2570 368 2657 tibi,
386 2573 522 2669 166616,
542 2573 682 2658 Crasse,
702 2572 902 2659 concedere3
923 2574 984 2645 scd
998 2573 1087 2655 vide,
1107 2570 1251 2667 nequid

124 2681 278 2754 Catulus
302 2682 457 2756 attulerit
478 2683 677 2779 religionis:
704 2681 770 2755 hoc
791 2707 880 2779 opus
895 2684 1101 2756 >censorium
1123 2689 1191 2754 est:
1215 2680 1253 2753 id

123 2802 248 2865 autem
261 2793 487 2878 committere,
502 2793 610 2880 vides,
624 2818 731 2888 quam
740 2793 875 2865 homini
888 2794 1044 2866 censorio
1058 2793 1251 2866 conveniat.

124 2902 237 2998 Agite
274 2926 375 2987 vero,
401 2903 460 2974 ille
485 2903 622 2998 inquit,
649 2911 690 2974 ut
713 2903 829 2975 vultis.
877 2903 946 2982 Sed
971 2927 1065 2975 nunc
1088 2902 1253 2999 quidem,

125 3011 298 3108 quoniam
321 3019 374 3083 est
399 3012 436 3083 id
458 3013 646 3109 temporis,
675 3013 891 3108 surgendum
913 3038 1038 3085 censeo
1061 3019 1095 3084 et
1118 3003 1254 3108 requic-

125 3121 317 3194 scendum:
345 3129 425 3217 post
450 3122 653 3208 meridiem,
682 3123 711 3194 si
733 3124 781 3196 ita
809 3122 908 3196 vobis
933 3131 986 3196 est
1008 3123 1255 3206 commodum,

125 3232 315 3328 loquemur
344 3230 498 3326 aliquid,
534 3233 603 3304 6161
628 3231 718 3303 forte
742 3233 994 3306 incrastinum
1020 3234 1159 3305 differre
1183 3257 1254 3303 ma·

126 3341 250 3413 vultis.
313 3341 446 3413 Omnes
483 3366 519 3413 se
552 3342 606 3413 vel
632 3343 771 3429 statim,
797 3344 872 3429 vel,
900 3345 930 3415 si
954 3345 1030 3438 ipse
1050 3350 1129 3438 post
1151 3341 1254 3413 meri·

125 3451 225 3523 diem
261 3451 403 3536 mallet,
440 3475 546 3546 quam
579 3453 732 3546 primum
770 3461 886 3525 tamen
922 3453 1043 3524 audire
1079 3452 1166 3523 velle
1203 3450 1256 3521 di·

129 3570 270 3632 xerunt.

164 3907 224 3956 366.
243 3906 273 3952 61
287 3906 313 3952 et
326 3906 373 3952 mei
382 3905 590 3966 partesfaoeret.
623 3907 672 3958 Alii
721 3908 833 3970 perativo
854 3912 971 3965 utuntur,
997 3906 1039 3955 uhi
1064 3907 1199 3956 admonitio
1219 3907 1257 3954 in·

130 3999 199 4032 meas
212 3999 259 4046 pro
273 3985 336 4032 mei:
351 3985 418 4032 unde
433 3985 607 4049 corrigendum
622 3991 670 4045 est,
721 3985 857 4048 telligcnda
871 3991 921 4044 est,
937 4000 968 4034 ne
981 3986 1040 4047 quid
1053 3992 1178 4048 peccetur.

131 4064 284 4124 ratperta.
756 4065 890 4128 loquemur.
918 4065 1007 4126 Aptius
1020 4067 1067 4114 erit
1086 4067 1258 4126 colloquemur.

166 4144 224 4192 367.
243 4143 318 4192 vides.
355 4141 440 4190 Malim
464 4142 531 4190 vide:
555 4157 603 4204 quo
623 4144 673 4191 lm·
723 4143 979 4202 Gonf.ad1.§133.

542 4237 555 4259 ἱ
