3242 5500
429 572 543 621 aranu
568 572 770 622 sncuunus.
798 556 816 636 ὃ
844 555 924 624 154.
1172 554 1238 624 185

132 745 301 840 permultis
325 753 407 817 ante
431 745 519 830 fuit,
546 768 652 840 quam
677 744 752 840 ipse
776 745 992 841 Pythagoras
1004 777 1012 829 ;
1039 768 1109 838 quo
1134 745 1238 816 etiam

130 854 228 926 maior
249 855 302 926 vir
328 853 513 926 habendus
535 864 609 939 est,
635 878 746 949 quum
765 854 863 927 illam
885 854 1093 950 sapientiam
1109 854 1237 926 consti·

129 964 267 1035 tuendae
287 964 437 1036 civitatis
462 962 600 1035 duobus
625 987 734 1058 prope
758 964 905 1036 saeculis
923 973 1005 1036 ante
1017 962 1238 1058 cognoverit,

130 1096 223 1168 quam
246 1097 323 1145 eam
346 1073 471 1145 Graeci
495 1079 616 1144 natam
638 1097 713 1144 esse
737 1082 932 1161 senserunt.
984 1071 1031 1144 Et
1053 1079 1146 1144 certe
1167 1097 1238 1144 non

130 1182 201 1254 tulit
220 1183 309 1254 ullos
333 1182 418 1255 haec
441 1182 561 1254 civitas
583 1191 643 1253 aut
666 1182 778 1278 gloria
799 1183 981 1267 clariores,
1008 1189 1069 1253 aut
1092 1181 1238 1253 auctori·

128 1300 189 1363 tate
218 1290 409 1386 graviores,
445 1301 507 1363 aut
539 1289 758 1364 humanitate
783 1291 962 1387 politiores
987 1289 1026 1362 P.
1051 1289 1238 1376 Africano,

129 1401 163 1472 C.
187 1398 322 1487 Laelia,
348 1400 390 1472 L.
417 1400 544 1486 Furio,
570 1400 632 1496 qui
658 1424 776 1472 secum
803 1399 1058 1472 eruditissimos
1080 1398 1239 1471 homiues

127 1535 164 1581 ex
193 1509 337 1581 Graecia
372 1509 488 1605 palam
525 1533 662 1604 semper
698 1508 907 1582 habuerunt.
959 1507 1080 1604 Atque
1109 1527 1310 1604 egoex1⁵⁵

127 1618 195 1690 istis
214 1643 315 1715 saepe
335 1618 473 1705 audivi,
495 1643 607 1714 quum
622 1618 802 1704 dicerent,
820 1626 1024 1714 pergratum
1041 1616 1237 1690 Athenien·

127 1753 174 1800 ses
197 1737 241 1800 et.
253 1727 322 1802 sihi
339 1728 478 1814 fecisse,
504 1737 540 1800 et
556 1727 678 1799 multis
695 1725 915 1823 principibus
932 1727 1098 1813 civitatis,
1125 1727 1237 1822 quod,

126 1862 225 1934 quum
249 1837 293 1910 ad
319 1846 481 1910 senatum
503 1837 635 1932 legatos
661 1836 706 1908 de
732 1838 805 1909 suis
827 1836 989 1908 maximis
1001 1836 1106 1909 rebus
1119 1837 1237 1911 mitte-

125 1955 212 2032 rent,
243 1955 314 2020 tres
339 1948 434 2020 illius
459 1946 581 2019 aetatis
606 1945 844 2018 nobilissimos
870 1945 1096 2042 philosophos
1122 1947 1236 2019 misis-

125 2063 213 2142 sent,
244 2056 481 2142 Carneadem,
515 2063 549 2127 et
574 2055 791 2141 Critolaum,
819 2062 852 2126 et
876 2055 1091 2150 Diogenem:
1119 2056 1238 2152 itaque

125 2190 194 2252 eos,
218 2165 304 2238 dum
329 2166 464 2238 Romae
483 2173 621 2251 essent,
648 2172 684 2236 et
707 2189 799 2250 ase,
827 2171 862 2235 et
879 2163 923 2236 ab
941 2164 1018 2236 aliis
1035 2164 1238 2260 frequenter

26 2338 27 2344 ,
123 2273 259 2347 auditos.
288 2276 390 2350 Quos
401 2283 444 2346 tu
455 2298 566 2370 quum
579 2273 725 2346 haberes
741 2281 917 2359 auctores,
939 2272 1091 2359 Antoni,
1113 2274 1236 2361 miror,

123 2407 178 2455 cur
204 2383 465 2480 philosophiae,
498 2386 588 2455 sicut
619 2382 752 2454 Zethus
777 2383 838 2454 ille
863 2380 1101 2468 Pacuvianus,
1128 2408 1237 2479 prope

123 2491 244 2564 bellum
281 2493 463 2565 indixeris.
526 2492 696 2579 Minime,
735 2492 852 2587 inquit
888 2491 1084 2564 Antonius:
1123 2516 1163 2564 ac
1189 2492 1237 2564 sic
1263 2516 1309 2564 rsa

122 2601 248 2675 decrevi
271 2602 515 2699 philosophari
538 2603 678 2697 potius,
705 2610 745 2673 ut
770 2601 1023 2697 Neoptolemus
1048 2602 1143 2698 apud
1164 2601 1235 2674 En·

122 2710 231 2799 nium,
262 2711 410 2807 paucis.-
445 2736 529 2785 aaut
562 2711 703 2786 omniuo
734 2710 831 2785 lucu
856 2711 976 2805 placet.
1028 2711 1097 2784 Sed
1119 2719 1236 2785 tamen

75 2826 79 2836 “
122 2819 198 2893 haec
229 2831 283 2895 est
316 2846 395 2894 mea
420 2822 613 2908 sententia,
639 2846 746 2917 quam
773 2820 892 2892 videor
918 2822 1138 2917 exposuisse:
1172 2846 1237 2917 ego

122 2930 182 3001 ista
197 2932 314 3003 studia
330 2956 402 3003 uon
419 2930 597 3027 improbe,
616 2930 793 3004 moderata
809 2928 915 3001 modo
933 2930 1017 3015 sint;
1033 2931 1236 3027 opinionem

121 3038 258 3112 istorum
294 3040 513 3127 studiorum,
549 3048 585 3112 et
617 3039 852 3135 suspicionem
875 3039 1012 3111 artificii
1036 3040 1131 3137 apud
1155 3065 1234 3127 eoS,

121 3148 252 3241 quires
276 3149 455 3235 iudicant,
480 3149 608 3222 oratori
632 3148 864 3221 adversariam
888 3173 964 3221 esse
980 3147 1143 3223 arbitror:
1170 3151 1235 3223 im-

121 3257 241 3331 minuit
262 3259 361 3331 enim
378 3267 414 3329 et
430 3259 576 3330 oratoris
593 3257 854 3344 auctoritatem,
881 3266 915 3330 at
932 3259 1099 3332 orationis
1116 3260 1233 3332 fidem.
1279 3310 1368 3364 ...y
1383 3296 1408 3309 -·

165 3367 251 3455 Sed,
291 3376 334 3441 ut
367 3392 407 3440 eo
436 3369 639 3454 revocetur,
675 3367 772 3440 unde
802 3365 871 3439 huc
896 3367 1083 3454 declinavit
1106 3370 1235 3456 oratio;
1262 3368 1308 3519 {⁰2}

119 3670 181 3704 nunc
201 3656 256 3705 aliis
274 3654 360 3705 verbis
378 3656 510 3705 iteraturus
523 3661 573 3713 eat,
588 3670 652 3717 quae
700 3655 767 3715 quod
779 3659 837 3716 post
848 3653 905 3701 istie
917 3644 975 3716 apte
989 3659 1014 3703 et
1027 3653 1059 3703 de
1072 3668 1141 3704 more
1153 3657 1235 3705 statim

120 3735 188 3782 modo
200 3734 227 3798 (ς
242 3733 421 3799 153)dixerat,
435 3749 481 3795 pro
488 3734 571 3796 simpl.
579 3749 651 3795 quesn
699 3731 827 3781 subiicitur
835 3732 1042 3794 pam—dicirit,
1055 3734 1104 3781 duo
1110 3734 1153 3782 illa
1160 3734 1236 3783 verba

120 3814 224 3873 esparsi,
234 3813 364 3875 aliquanto
370 3812 505 3861 modestius
511 3812 651 3874 dicitquum
699 3811 848 3873 interpolata
863 3815 1002 3873 cumputo,
1017 3826 1090 3873 quam
1105 3813 1172 3874 quod
1185 3817 1235 3863 ela-

119 3891 195 3939 videor
206 3893 358 3952 expauere.
375 3891 466 3940 Dicere
478 3890 582 3939 fortasse
594 3895 650 3953 pot·
699 3904 759 3948 raa,
774 3890 967 3948 etelariaas'mua,
981 3904 1033 3938 non
1043 3890 1091 3939 dici
1099 3893 1163 3941 solet
1169 3893 1237 3954 apud

121 3973 169 4017 erat
191 3984 264 4031 quom
284 3972 351 4018 vim
368 3984 423 4017 aum
442 3983 579 4030 capram,
600 3976 652 4017 non
701 3967 1021 4029 ciceronempssoaopuus:
1033 3971 1237 4031 usurpaturenim

120 4063 140 4108 q.
152 4050 250 4098 uidebar
261 4050 411 4110 eapoaaiaae.
699 4046 763 4094 illud
776 4046 933 4095 Adiectivum
944 4047 969 4093 in
975 4046 1098 4096 factorum
1105 4049 1197 4111 gloria,
1213 4055 1238 4099 et

148 4128 213 4187 apud
224 4142 280 4187 eoa,
303 4127 346 4190 psi
359 4139 400 4173 res
411 4125 533 4174 iudicant.
567 4126 652 4175 Sioda
699 4126 729 4195 in·
739 4124 911 4186 amplitudine,
926 4140 998 4185 quam
1011 4126 1064 4187 quis
1070 4127 1097 4175 in
1103 4121 1132 4175 re
1138 4126 1239 4189 publica

118 4218 169 4254 meo
187 4206 301 4263 correxi,
323 4219 370 4267 pro
386 4204 505 4253 iudicoat
540 4205 588 4252 [lla
599 4203 653 4253 for·
700 4202 843 4251 obtinuerit.
860 4201 934 4251 conf.
950 4205 970 4251 Ι.
986 4208 999 4263 ξ
1015 4205 1037 4254 7.

118 4284 181 4331 mula
199 4298 251 4333 non
268 4288 309 4332 eat
322 4282 369 4331 nisi
381 4282 514 4344 descriptio
527 4284 652 4339 iudicum,
734 4280 867 4345 Diogenem
874 4282 969 4342 fidere.
987 4284 1017 4331 In
1031 4283 1157 4331 nonnullis
1169 4282 1238 4331 libris

118 4364 157 4419 ut,
174 4364 215 4423 qui
228 4362 351 4419 audiani,
365 4365 422 4409 sunt
434 4362 569 4409 auditores.
701 4359 735 4407 D.
748 4375 804 4407 eum
812 4360 905 4421 faisse.
928 4362 985 4409 Non
999 4365 1101 4409 utuntur
1113 4361 1157 4409 illo
1171 4363 1193 4408 ia
1205 4389 1239 4397 -

149 4440 204 4490 157.
224 4439 386 4502 [clarissimis
393 4438 567 4500 philosophia}
592 4439 653 4487 Tam
701 4439 744 4500 qui
752 4473 759 4495 ,
780 4438 827 4487 nisi
841 4436 882 4487 ubi
896 4440 937 4487 vel
951 4439 1088 4487 necessaria
1101 4440 1239 4503 designatio

118 4522 259 4578 propterea,
281 4517 351 4579 quod
364 4518 464 4566 eosdem
477 4518 526 4565 iam
539 4518 588 4565 alio
601 4518 653 4565 Ad·
701 4532 822 4578 personae
855 4522 1061 4565 commemoratae
1087 4519 1238 4579 postulatur,

116 4594 202 4645 iectivo
213 4597 389 4660 designaverat
403 4597 514 4654 Catulus,
529 4600 542 4655 ξ
558 4598 613 4655 155,
629 4601 653 4644 et
703 4597 743 4645 vel
763 4611 808 4658 per
830 4594 968 4645 Relativum
982 4595 1104 4646 indicatur
1117 4596 1157 4657 id,
1172 4598 1239 4659 quod
