3242 5500
460 579 573 628 rnssnn
598 581 750 637 Prinne.
779 566 796 645 §
825 565 905 633 119.
1199 564 1240 632 51

124 754 206 824 bera
244 749 417 846 quaedam
454 749 606 824 oblectat
555 753 661 837 tatic,
700 777 806 846 quam
845 755 1087 849 diligente
996 743 1087 826 ere
1089 762 1245 850 tquam

123 886 231 959 prope
267 860 447 932 fastidiose
484 859 708 933 iudicamus?
745 862 863 934 nullae
888 864 982 934 enim
1011 863 1053 934 lit
1038 871 1107 948 t‚es
1130 886 1245 959 neque

123 970 376 1044 controversiae
402 978 501 1054 sunt,
528 994 618 1066 quae
642 980 769 1066 cogant
794 970 975 1057 homineS,
1001 972 1091 1042 sicut
1116 971 1153 1042 in
1171 971 1244 1043 foro

123 1105 194 1153 non
220 1080 330 1153 bonos
355 1086 525 1164 oratores,
551 1079 637 1151 item
662 1080 699 1150 in
725 1079 861 1151 theatro
883 1088 1016 1152 actores
1040 1080 1150 1151 malos
1166 1104 1243 1175 per-

124 1191 207 1288 peti.
259 1189 324 1260 Est
359 1187 469 1281 igitur
501 1189 628 1260 oratori
659 1189 848 1283 diligenter
874 1189 1147 1284 providendum,
1172 1210 1244 1260 non
1270 1215 1316 1259 nc
1423 1230 1425 1232 -

122 1309 162 1372 ut
193 1299 237 1370 iis
263 1297 347 1370 satis
372 1296 496 1381 faciat,
535 1296 664 1392 quibus
686 1321 828 1369 necesse
853 1305 926 1384 eat,
965 1298 1027 1370 sed
1050 1305 1092 1369 ut
1115 1298 1159 1370 iis
1182 1297 1243 1369 ad-

122 1407 292 1482 mirabilis
325 1429 400 1478 esse
433 1405 609 1492 videatur,
643 1406 772 1502 quibus
806 1406 915 1479 libere
947 1406 1050 1478 liceat
1077 1406 1241 1479 iudicare.

122 1517 190 1603 Ac,
230 1517 259 1589 si
292 1513 458 1611 quaeritis
496 1513 600 1609 plane
632 1515 719 1611 quid
742 1516 908 1601 sentiam,
934 1514 1125 1587 enuntiabo
1149 1516 1245 1611 apud

122 1626 281 1698 homines
318 1623 627 1709 familiarissimos,
659 1624 754 1720 quod
783 1623 899 1696 adhuc
932 1648 1068 1720 semper
1091 1625 1185 1696 tacui
1209 1633 1245 1696 et

122 1734 308 1808 tacendum
348 1733 480 1828 putavi.
546 1732 638 1805 Mihi
685 1735 790 1806 etiam
832 1734 907 1830 qui·
935 1733 1067 1828 optime
1089 1733 1243 1822 dicunt,

123 1845 254 1941 quique
278 1843 317 1914 id
340 1842 505 1914 facillime
534 1836 656 1938 [etque
679 1843 899 1915 ornatissime
923 1837 1051 1938 facere]
1078 1851 1243 1938 possunt,

123 1964 256 2038 tamen,
286 1952 355 2024 nisi
378 1951 503 2023 timide
527 1951 573 2022 ad
597 1950 786 2024 dicendum
812 1951 1002 2036 accedunt,
1026 1962 1062 2024 et
1085 1952 1123 2023 in
1146 1976 1243 2023 exor-

123 2061 251 2134 dienda
275 2068 350 2132 oret
351 2061 431 2131 ione
455 2067 534 2155 pert
520 2059 663 2132 tturban
648 2068 723 2147 t‚ur
749 2085 861 2156 paene
884 2061 1069 2155 impudent
1071 2086 1107 2132 es
1055 2060 1243 2132 tvideu-

122 2181 191 2244 tur:
231 2177 339 2242 temet
341 2169 369 2241 si
325 2168 440 2240 tid
471 2169 626 2242 accidere
659 2194 730 2241 non
754 2178 887 2267 potest:
913 2178 954 2241 ut
978 2171 1073 2241 enim
1097 2169 1246 2290 quisque
1272 2201 1319 2246 reo

123 2281 255 2376 optime
238 2256 767 2365 dicit,it1tamaximedicendi
780 2279 1039 2364 difficultat‚em
1064 2279 1245 2374 variosque

124 2398 267 2462 eventus
299 2387 482 2474 orationis,
517 2389 882 2483 exspectationemque
917 2387 1101 2460 hominum
1136 2388 1243 2482 perti·

124 2498 263 2572 mescit:
299 2498 360 2593 qui
393 2521 473 2568 vcro
505 2495 595 2568 nihil
626 2503 739 2591 potest
763 2497 912 2593 dignum
933 2521 989 2583 re,
1015 2496 1164 2592 dignum
1180 2521 1242 2568 no-

124 2608 216 2679 mine
242 2615 315 2679 orat
316 2606 402 2691 oric,
432 2605 590 2727 dignum·
606 2605 790 2677 hominum
794 2572 1116 2787 tanribuslefficere
1138 2614 1244 2702 atque

124 2718 246 2803 edere,
271 2716 302 2789 is
326 2713 592 2801 mihi,tetia1nsi
617 2722 852 2787 commovetur
874 2739 911 2786 ur
933 2713 1141 2799 d1cend0,t
1126 2721 1243 2787 tamen

125 2826 311 2924 impudens
335 2824 488 2897 videtur·
482 2848 586 2896 :non
611 2848 706 2895 enim
718 2824 901 2919 pudendo
927 2824 989 2895 sed
1001 2847 1072 2894 non
1084 2824 1244 2896 faciendo

125 2937 175 3023 id,
213 2934 311 3031 quod
343 2958 413 3005 non
448 2934 565 3017 decet,
590 2933 829 3029 impudentiae
853 2956 981 3004 nomen
1007 2932 1160 3027 effugere
1184 2933 1243 3006 de·

125 3044 267 3118 bemus:
306 3066 411 3140 quem
448 3067 528 3114 vero
556 3067 627 3113 non
660 3042 769 3137 pudet
804 3042 856 3129 (id
888 3041 983 3137 quod
1007 3041 1044 3112 in
1069 3041 1244 3138 plerisque
1271 3081 1316 3127 121

125 3155 260 3241 video),
291 3154 385 3225 hunc
413 3176 479 3247 ego
509 3176 578 3223 non
604 3152 872 3247 reprehensione
896 3151 1030 3236 solum,
1055 3150 1244 3223 sedetiam

155 3393 661 3459 quiqaeidfactllimc[atqceorncticcime
708 3391 749 3453 qui
767 3392 836 3439 nulla
855 3390 954 3438 dicendi
971 3390 1089 3440 facultate
1108 3392 1188 3441 valet:
1212 3391 1245 3441 de

120 3477 218 3537 faeere]
233 3474 349 3535 patant.
385 3475 518 3523 Ascensum
532 3472 592 3519 mihi
606 3476 658 3529 est,
708 3483 757 3531 quc
770 3467 862 3517 notabo
875 3468 907 3516 ad
928 3473 941 3525 5
962 3470 1018 3523 126.
1053 3469 1102 3516 Sed
1114 3482 1147 3515 ne
1160 3482 1205 3529 per
1217 3484 1245 3518 sc

125 3556 187 3604 istud
205 3554 364 3604 ornaticeime
383 3552 489 3600 alienum
504 3564 556 3599 esse
570 3548 659 3607 abeo,
708 3547 807 3607 quidem
826 3546 869 3594 ille
888 3545 965 3594 verba
982 3547 1102 3608 efficiendi
1121 3548 1244 3594 etedeadt

126 3634 189 3694 quod
207 3634 304 3693 reliqua
323 3630 400 3681 verba
421 3630 557 3690 postulant:
579 3642 659 3689 neque
708 3625 843 3673 sententiae
850 3624 1013 3680 conveniunt,
1025 3623 1144 3683 siquidem
1152 3625 1246 3684 efficere

43 3690 61 3705 κ
125 3712 187 3759 enim
204 3710 362 3773 probandum
383 3713 411 3756 ut
423 3708 503 3769 ipsum
518 3708 608 3767 optime
621 3707 659 3753 di·
708 3701 931 3759 oratordioiturid‚
947 3699 1244 3762 quoderationeobtinet,
1290 3691 1293 3695 ’

126 3790 240 3837 cercfieri
254 3787 525 3838 dicaturcmatiecime.
547 3786 659 3832 Praesta·
709 3782 780 3829 edere
804 3786 886 3829 autem
907 3785 945 3828 eet
963 3780 1139 3840 pronuntiare,
1162 3786 1190 3828 ut
1211 3781 1236 3829 ll

126 3865 173 3925 bit,
190 3882 240 3916 non
251 3870 350 3915 tantum
363 3867 438 3926 atque
450 3864 621 3918 oraatlccime,
634 3866 661 3909 ut
710 3864 722 3917 5
736 3860 792 3907 325.

125 3946 261 3995 Ellendtius
294 3943 471 3999 commendat,
502 3941 547 3989 sed
571 3940 662 4001 facere
743 3937 909 3997 impudentiae
938 3950 1032 3983 coma
1086 3935 1247 3983 Ruhnkeniuc

126 4037 218 4084 quoque
232 4022 352 4071 abiicere.
370 4024 424 4068 tum
437 4019 555 4067 malimad
566 4017 660 4065 abesse
710 4013 864 4077 corrigebat,
883 4014 1049 4075 tmpudenttae
1061 4028 1163 4061 mmm
1187 4013 1246 4061 Pot-

160 4102 213 4149 120.
232 4102 275 4163 qut
289 4113 345 4149 cero
358 4100 422 4146 niti!
436 4096 662 4158 potest-efficere
710 4098 763 4141 erat
783 4106 880 4153 quoque
899 4094 959 4153 imp.
984 4094 1080 4140 notam:
1101 4093 1247 4139 alterutrum

126 4181 197 4240 atque
217 4180 299 4227 edere.
345 4178 378 4226 Hi
405 4174 524 4225 Infinitivi
550 4173 611 4221 mihi
631 4186 662 4220 ex
710 4175 777 4219 certe
797 4170 898 4231 propius
917 4169 1014 4219 accedit
1029 4169 1062 4216 ad
1079 4170 1246 4231 reprobemin-

127 4255 313 4318 interpolatione
333 4255 380 4303 orti
396 4254 521 4303 videntur.
556 4253 592 4299 Ut
604 4252 660 4313 plu
710 4264 780 4306 nem,
795 4262 858 4309 quae
873 4262 931 4294 mox
944 4248 1092 4309 appellatur.

125 4331 189 4383 ribus
215 4335 291 4391 locis,
321 4334 355 4381 lta
380 4333 419 4379 hic
439 4346 490 4379 non
507 4329 661 4378 intellectum
746 4328 801 4373 121.
819 4326 1100 4373 ‹timuerit—viderit.
1134 4326 1190 4372 Non
1207 4339 1245 4373 ea-

127 4414 174 4468 ea,
194 4412 276 4473 ipsum
292 4425 364 4473 poree
384 4411 415 4459 de
427 4409 545 4457 facultate
565 4408 663 4455 dicendi
709 4402 837 4453 tisfaoiunt
855 4402 881 4450 hi
899 4402 1055 4451 Coniunctivi
1067 4404 1101 4450 ita
1115 4402 1208 4458 iuncti;
1222 4409 1247 4450 ct

126 4490 248 4551 usurpari,
262 4491 345 4550 itaque
359 4489 401 4551 qai
414 4489 477 4536 nina
483 4489 581 4548 pateat,
595 4500 661 4534 eeu·
711 4483 800 4529 viderit
822 4486 888 4530 certe
902 4481 1048 4529 mutandum
1060 4480 1158 4528 videtur
1171 4480 1197 4527 in
1210 4480 1245 4527 ct-

129 4566 262 4627 pcrloribus
282 4566 470 4629 intelligendum
490 4566 587 4622 dicere,
607 4564 624 4611 i.
639 4578 661 4611 e.
710 4560 789 4607 deret.
