3242 5500
373 567 443 637 262
687 588 800 637 araus
826 588 1028 637 suouunus.
1056 569 1075 649 l
1100 565 1183 634 349.

375 786 450 833 esse
487 764 712 857 perspicuum
751 768 823 832 est:
848 760 954 833 simul
979 767 1032 831 est
1056 759 1146 831 illud
1169 768 1251 831 ante
1275 760 1415 847 oculos,
1441 786 1495 833 uec

375 870 509 943 bouum
532 870 645 942 virum
670 871 810 967 proprie
835 877 869 941 et
893 869 1032 967 copiose
1056 868 1192 941 laudari
1216 869 1293 941 siue
1314 870 1493 957 virtutum,

377 1004 441 1052 uec
463 979 663 1076 improbum
687 979 801 1051 notari
827 1004 867 1050 ac
893 979 1084 1075 vituperari
1110 978 1185 1051 sine
1203 979 1370 1051 vitiorum
1383 981 1493 1075 cogni·

378 1089 473 1161 tione
499 1090 583 1161 satis
608 1088 779 1184 insignite
802 1094 1167 1185 atqueaspereposse.
1205 1088 1328 1184 Atque
1348 1089 1405 1161 his
1423 1090 1495 1161 locis

379 1208 413 1271 et
446 1198 634 1284 laudandi,
670 1205 705 1269 et
737 1198 960 1294 vituperandi
995 1222 1097 1294 saepe
1126 1185 1228 1270 nobis
1253 1206 1308 1270 est
1332 1199 1494 1270 utendum

379 1309 415 1381 iu
441 1309 538 1381 omni
564 1332 692 1404 genere
716 1330 911 1379 causarum.

306 1440 354 1485 aso
428 1417 599 1504 Habetis,
633 1417 677 1489 dc
711 1416 931 1488 inveniendis
965 1415 1070 1487 rebus
1094 1415 1395 1513 disponendisque
1420 1416 1495 1512 quid

381 1528 539 1601 sentiam.
603 1526 808 1622 Adiungam
852 1527 955 1598 etiam
995 1526 1039 1597 de
1078 1527 1267 1612 memoria,
1309 1534 1350 1599 ut
1392 1527 1496 1598 labore

293 1654 300 1669 ·
382 1637 548 1710 Crassum
586 1637 717 1722 levem,
754 1661 870 1732 neque
906 1636 939 1707 ei
974 1635 1168 1731 quidquam
1204 1635 1321 1721 aliud,
1360 1637 1405 1707 de
1438 1661 1495 1732 quo

382 1747 548 1831 disserat,
571 1746 788 1842 relinquam,
815 1744 885 1818 nisi
909 1770 971 1832 ea,
997 1744 1127 1840 quibus
1149 1744 1234 1817 haec
1260 1755 1475 1818 exornentur.

309 1849 354 1918 86
430 1856 542 1952 Perge
561 1880 659 1943 vero,
682 1856 799 1952 inquit
822 1855 985 1928 Crassus:
1008 1854 1159 1928 libenter
1171 1855 1266 1928 euim
1277 1864 1314 1927 te
1326 1857 1494 1952 cognitum

383 1968 453 2039 iam
475 1966 662 2053 artificem,
689 1966 951 2062 aliquandoque
975 1965 1154 2037 evolutum
1172 1965 1243 2037 illis
1256 1965 1495 2061 integumentis

383 2076 674 2149 dissimulationis
711 2084 792 2147 tuae
825 2075 1070 2171 nudatumque
1105 2075 1292 2171 perspicio:
1329 2084 1381 2163 et,
1413 2075 1494 2171 quod

383 2185 470 2258 mihi
503 2186 610 2273 nihil,
640 2184 718 2258 aut'
735 2185 831 2281 quod
864 2209 934 2256 non
964 2185 1116 2257 multum
1140 2185 1329 2281 relinquis,
1352 2210 1493 2281 percom-

267 2331 281 2392 7
312 2316 356 2362 ³⁶1
384 2296 486 2368 mode
510 2296 612 2383 facis,
641 2304 764 2391 estque
789 2293 878 2366 mihi
904 2302 1055 2390 gratum.
1099 2293 1176 2366 lam
1201 2295 1310 2381 istuc,
1337 2304 1504 2391 quantum,

259 2409 264 2439 ⁴
384 2405 451 2477 tibi
484 2430 549 2501 ego
583 2405 803 2500 reliquerim,
840 2405 957 2500 inquit
984 2403 1182 2491 Antonius,
1208 2406 1273 2477 erit
1300 2406 1337 2477 in
1362 2413 1419 2476 tua
1439 2429 1493 2499 po·

384 2522 520 2588 testate.
556 2516 593 2589 Si
612 2515 707 2587 enim
725 2538 804 2586 vere
822 2538 926 2610 agere
938 2514 1102 2600 volueris,
1123 2515 1242 2592 omnia
1253 2514 1321 2587 tibi
1333 2515 1493 2609 relinquo:

387 2626 440 2698 sin
466 2625 704 2711 dissimulare,
730 2633 792 2709 tn,
825 2624 1123 2719 quemadmodum
1146 2623 1201 2697 his
1225 2624 1428 2709 satisfacias,
1449 2623 1493 2693 vi-

386 2735 490 2809 deris.
544 2736 632 2823 Sed,
668 2724 707 2807 ut
739 2733 784 2806 ad
814 2760 889 2807 rem
914 2734 1076 2821 redeam,
1103 2759 1173 2806 non
1200 2759 1279 2806 sum
1304 2741 1400 2807 tauto
1422 2757 1493 2828 ego,

386 2846 520 2942 iuquit,
546 2847 706 2942 ingeui0,
734 2853 867 2940 quanto
885 2843 1136 2919 Themistocles
1154 2845 1242 2930 fuit,
1269 2852 1310 2916 ut
1326 2843 1527 2916 oblivionis
1597 2876 1603 2911 ι

388 2963 517 3042 artem,
546 2980 652 3052 quam
686 2955 875 3027 memoriae
909 2954 1045 3027 malim:
1080 2955 1299 3051 gratiamque
1324 2954 1428 3026 habeo
1450 2952 1496 3022 Si·
1603 2992 1604 3017 1

388 3065 523 3136 mouidi
547 3065 600 3137 illi
625 3066 730 3151 Ceio,
757 3089 864 3161 quem
888 3065 1043 3161 primum
1061 3065 1179 3136 lerunt
1198 3073 1309 3136 artem
1326 3062 1494 3134 memoriae

314 3199 360 3245 sse
387 3173 585 3271 protulisse.
637 3174 772 3247 Dicunt
810 3175 927 3261 enim,
964 3199 1075 3270 quum
1105 3182 1244 3247 cenaret
1267 3173 1443 3245 Crannone
1462 3171 1493 3240 in

390 3282 569 3356 Thessalia
587 3285 784 3357 Simonides
802 3285 898 3382 apud
917 3285 1082 3380 Scopam,
1106 3284 1323 3356 fortunatum
1336 3282 1495 3355 hominem

390 3400 423 3465 et
460 3393 632 3481 nobilem,
670 3395 924 3491 cecinissetque
961 3394 995 3467 id
1033 3419 1189 3481 carmen,
1226 3394 1323 3489 quod
1357 3394 1392 3465 in
1426 3413 1494 3462 eum

391 3605 680 3615 ————--—..—-.

391 3751 458 3798 nobis
471 3750 508 3797 est
521 3748 640 3796 utendum
653 3749 680 3794 in
693 3752 757 3797 omni
770 3765 927 3813 perwreoau·
1012 3752 1069 3800 350.
1104 3751 1279 3810 integumentis
1314 3749 1493 3798 dissimulationis

390 3841 483 3875 sarum.
518 3829 638 3876 Peccatur
652 3841 726 3889 porro
740 3828 766 3876 in
780 3829 929 3888 Latinitate,
979 3831 1045 3876 tuae.
1084 3831 1123 3878 De
1153 3830 1348 3877 dissimulatione
1375 3827 1447 3877 notan
1466 3825 1491 3873 sd

391 3919 468 3967 quum
495 3905 584 3953 dieitur
605 3901 680 3954 usum'
690 3907 821 3967 forensem
840 3908 867 3954 in
886 3909 930 3956 loe
979 3909 1071 3966 5275.
1109 3906 1242 3965 Nudatus,
1261 3908 1314 3956 scil.
1328 3905 1491 3972 integumentis,

390 3998 501 4033 sermone
522 3984 659 4032 tractatum
672 3998 737 4031 esse.-
753 3985 802 4033 dici
815 3990 930 4046 potuerat
979 4000 1047 4034 nunc
1067 3987 1155 4034 melius
1175 3986 1279 4045 dicitur,
1298 4001 1370 4048 quarn
1382 3999 1459 4047 supra,
1473 3982 1491 4028 l¹

389 4077 466 4125 penus
480 4063 648 4111 laudationum
663 4064 801 4112 tractatum
812 4078 876 4122 esse,
890 4064 928 4112 id·
980 4069 992 4124 §
1008 4065 1064 4115 172.

365 4139 367 4148 ’
392 4155 440 4204 qua
453 4140 547 4190 factum
561 4155 622 4199 essa,
638 4141 706 4202 quod
720 4156 750 4191 ec
758 4147 928 4206 genereuten-
1013 4145 1071 4192 352.
1088 4158 1115 4192 se
1134 4143 1264 4191 dimidium
1277 4146 1331 4192 eius
1345 4145 1390 4206 [et]
1400 4179 1406 4201 ,
1418 4168 1446 4177 -
1457 4139 1491 4186 ‹la-

392 4221 452 4270 dum
478 4225 550 4269 esset.
596 4222 736 4278 Postremo,
766 4221 931 4269 laudationem
980 4223 1073 4270 turum.
1109 4223 1190 4271 Multo
1210 4223 1299 4272 melius
1316 4225 1375 4271 etin
1388 4219 1492 4270 snoute-

392 4301 487 4363 efficere
497 4299 587 4348 dicitur
595 4313 651 4346 cum
658 4299 725 4361 turpi
732 4299 851 4348 sermonis
858 4300 930 4363 igno-
979 4315 1057 4362 reque
1070 4299 1134 4349 libro
1141 4301 1274 4360 omittitur,
1290 4302 1492 4364 quoniamsequus

392 4378 480 4428 sautia.
522 4375 643 4427 Omnibus
668 4377 717 4426 illis
738 4376 853 4435 sublatis,
875 4383 932 4440 post
980 4381 1046 4443 quod
1057 4381 1195 4429 necessario
1209 4381 1240 4429 ad
1254 4381 1314 4440 eius,
1329 4395 1361 4429 so.
1374 4377 1491 4442 prodire·

392 4456 469 4506 verba
489 4458 567 4504 uideri
586 4458 665 4506 solem
690 4446 814 4518 aptissime
832 4456 930 4506 subiici·
979 4457 1111 4507 terendum
1125 4464 1170 4508 est.

393 4539 433 4584 tur
461 4535 535 4584 totius
561 4536 689 4586 doctrinae
710 4534 832 4585 absolutio
852 4536 930 4595 haec,
1014 4540 1072 4586 353.
1090 4551 1142 4586 esse
1155 4537 1250 4596 serunt
1270 4539 1413 4587 nuntmtum.
1447 4531 1491 4580 N⁰¹¹

393 4616 442 4663 iam
455 4615 612 4681 vituperandi
625 4620 672 4663 cet.
980 4621 1077 4664 lantum
1098 4624 1184 4666 eontra
1200 4619 1319 4665 sermonis
1333 4629 1419 4665 morsm
1430 4613 1491 4660 iuter·
