3242 5500
334 520 404 590 246
647 540 759 607 crana
786 540 992 591 anconem.
1020 522 1039 603 §
1065 520 1148 590 309.

333 713 513 785 removeri.
542 711 717 806 Equidem
743 736 855 807 quum
880 712 1007 808 colligo
1031 720 1240 807 argumenta
1256 736 1461 799 causarum,

335 847 406 895 non
431 829 503 893 tam
529 846 569 893 ea
594 846 778 895 numerare
805 822 919 909 soleo,
946 846 1053 918 quarn
1078 821 1287 917 expendere.

263 937 306 1008 77
382 932 430 1003 Et
464 932 652 1027 quoniam,
690 931 786 1027 quod
824 955 927 1027 saepe
960 932 1031 1003 iam
1068 931 1165 1018 dixi,
1203 930 1319 1003 tribus
1355 928 1464 1003 rebus
1549 1002 1555 1015 ,

261 1064 308 1109 aro
334 1041 495 1114 homines
527 1040 572 1112 ad
606 1048 761 1113 nostram
796 1041 1008 1114 sententiam
1033 1041 1279 1137 perducimus,
1316 1049 1378 1112 aut
1402 1040 1465 1112 do-

334 1150 466 1236 cende,
501 1158 562 1222 aut
587 1150 828 1236 conciliando,
861 1159 924 1223 aut
947 1150 1201 1247 permovendo,
1235 1174 1307 1221 una
1331 1174 1373 1221 ex
1400 1150 1465 1221 tri·

334 1260 401 1332 bus
437 1258 492 1331 his
532 1255 654 1353 [rebus
689 1254 761 1355 res]
800 1284 885 1356 prae
914 1259 1016 1333 nobis
1041 1268 1094 1333 est
1116 1259 1280 1346 ferenda,
1306 1268 1348 1331 ut
1371 1257 1466 1331 nihil

334 1367 451 1455 aliud,
477 1368 546 1441 nisi
571 1367 694 1441 docere
718 1370 806 1441 velle
829 1368 1028 1442 videamur:
1056 1369 1227 1465 reliquae,
1255 1368 1357 1442 sicuti
1382 1393 1465 1441 san·

335 1478 415 1574 guis
451 1478 489 1550 in
526 1476 750 1573 corporibm,
787 1479 837 1551 sic
870 1478 951 1551 illae
981 1478 1019 1550 in
1041 1477 1220 1575 perpetuis
1244 1477 1468 1550 orationibus

334 1587 433 1659 fusae
467 1610 542 1659 esse
577 1586 758 1661 debebunt
798 1584 919 1682 [zoam
954 1597 989 1660 et
1024 1588 1215 1684 principia,
1260 1597 1295 1660 ct
1327 1595 1469 1659 ceterae

335 1704 452 1792 partes
475 1696 663 1782 orationis,
690 1696 734 1769 de
759 1696 890 1793 quibus
914 1696 1034 1793 paullo
1056 1704 1135 1793 post
1155 1721 1267 1792 pauca
1284 1698 1469 1782 dicemus,

336 1804 464 1877 habere
487 1804 578 1877 hanc
601 1805 672 1877 vim
695 1829 909 1902 magnopere
930 1804 1083 1892 debent,
1109 1813 1148 1877 ιιι
1164 1804 1209 1876 ad
1227 1829 1347 1877 eorum
1364 1830 1469 1877 men-

335 1923 409 2001 tes,
440 1914 535 2009 apud
566 1937 653 2010 quos
683 1925 828 2011 agetur,
855 1915 1043 1988 movendas
1064 1938 1270 2011 permanare
1292 1910 1467 2011 possint].

262 2043 308 2091 au
336 2023 406 2095 Sed
441 2024 496 2096 his
532 2024 691 2119 partibus
727 2024 915 2109 orationis,
956 2048 1066 2119 quae,
1110 2023 1177 2096 etsi
1213 2022 1302 2096 nihil
1337 2024 1471 2097 docent

338 2128 652 2229 [argumentand0,
678 2130 938 2229 persuadendo]
965 2142 1083 2205 tamen
1118 2128 1170 2228 [et
1192 2130 1466 2229 commovendo]

335 2242 523 2338 proficiunt
560 2242 774 2338 plurimum,
809 2266 1025 2338 quamquam
1048 2241 1200 2314 maxime
1224 2243 1386 2338 proprius
1414 2252 1471 2315 est

335 2352 432 2425 loeus
468 2360 503 2423 et
537 2351 574 2423 in
610 2351 843 2437 exordiendo,
878 2352 975 2424 etin
1001 2350 1215 2447 perorando,
1241 2351 1387 2447 degredi
1413 2362 1469 2425 ta·

335 2485 416 2533 men
453 2459 497 2533 ab
535 2484 595 2546 eo,
632 2460 725 2556 quod
752 2461 976 2557 proposueris
998 2469 1105 2555 atque
1129 2484 1233 2555 agas,
1259 2485 1469 2557 permoven-

263 2606 309 2651 312
335 2570 460 2643 dorum
497 2570 694 2641 animorum
731 2593 856 2656 causa,
896 2594 999 2666 saepe
1031 2568 1120 2652 utile
1141 2576 1205 2641 est.
1258 2570 1384 2665 Itaque
1410 2572 1471 2643 vel

336 2679 535 2754 narratione
571 2679 729 2776 exposita
764 2703 868 2776 saepe
899 2679 1002 2753 datur
1025 2677 1071 2751 ad
1096 2680 1364 2754 commovendos
1387 2683 1468 2754 ani·

336 3001 418 3059 potest
436 3001 465 3044 ιιι
483 2996 509 3043 in
529 2996 571 3052 iis,
593 3009 656 3057 quae
676 2997 750 3044 utilia
764 2997 789 3044 et
797 2997 877 3059 firma
926 2996 1232 3060 nihilaliudsignificatur,
1245 2997 1468 3060 nisiilludipsum,

337 3075 461 3136 appellat,
483 3087 550 3121 nnnc
566 3074 687 3120 levir-mna
701 3073 773 3122 etiam
788 3089 875 3123 nnme-
926 3075 993 3136 quod
1012 3076 1087 3123 modo
1107 3074 1217 3132 dixerat,
1231 3075 1300 3123 illam
1314 3076 1469 3125 conciliandi

337 3159 384 3201 rat.
417 3153 494 3210 Tum,
509 3166 558 3213 quo
572 3151 660 3210 modo,
675 3166 739 3214 quae
756 3153 877 3200 hanam
926 3159 951 3202 at
977 3153 1141 3215 permovendi
1160 3154 1276 3202 virtutem
1296 3154 1323 3202 in
1343 3162 1470 3216 perpetm

338 3239 410 3288 sunt,
437 3244 490 3278 esse
511 3235 626 3291 poterant
644 3231 799 3290 pravioribus
819 3245 875 3279 aaa·
924 3233 1036 3280 oratione
1049 3232 1130 3279 fusam
1145 3237 1332 3292 esseoportere.
1350 3233 1471 3296 Sedper·

336 3308 447 3378 aimilia?
468 3308 597 3370 Suspicor,
616 3308 791 3371 corrigendum
806 3323 875 3367 esse,
925 3325 1010 3372 peram
1021 3311 1161 3370 principia,
1177 3315 1202 3358 et
1215 3310 1469 3383 reliqua,quaeenu·

338 3402 401 3449 quae
414 3385 490 3434 eriis
504 3388 594 3435 leviora
607 3389 675 3444 aunt,
690 3402 734 3436 nee
747 3389 805 3436 aliia
816 3403 875 3451 pra·
925 3393 1064 3436 metaverat
1090 3392 1103 3446 ξ
1131 3389 1194 3446 307,
1218 3402 1286 3436 nane
1306 3391 1472 3451 appellantur

337 3465 444 3514 viariam
457 3465 602 3514 consimilia.
921 3470 1010 3527 parter
1022 3467 1159 3521 orationi&
1174 3481 1251 3527 quum
1261 3467 1408 3527 praesertim
1416 3475 1471 3516 sta·

371 3545 429 3594 310.
447 3545 554 3592 dominer
573 3571 608 3579 -
623 3543 793 3604 perducimur.
833 3546 877 3593 ln·
924 3545 968 3594 tim
982 3543 1471 3608 post(§3ll,init.)ipsumilludeonci·

337 3621 455 3671 credibile
489 3637 565 3684 quare
599 3621 738 3670 Ellendtius
769 3623 877 3671 valteram
925 3624 989 3671 liare
999 3627 1024 3670 et
1035 3635 1181 3671 commovere
1191 3623 1216 3669 in
1219 3623 1474 3682 paraenorum

337 3702 482 3758 lectionem,
496 3714 590 3758 omnes,
604 3700 758 3761 praetulerit.
787 3702 821 3748 At
834 3700 876 3748 lto·
925 3706 1080 3759 numeretur,
1101 3701 1119 3748 i.
1141 3715 1164 3749 a,
1185 3701 1212 3748 in
1223 3701 1253 3749 iis
1266 3715 1330 3762 quae
1342 3703 1471 3751 servanda

337 3781 414 3826 micea
427 3783 452 3826 et
466 3777 523 3826 alibi
536 3778 627 3840 passim
638 3778 665 3825 in
673 3777 876 3841 hocargumenao
924 3779 974 3828 sint
994 3781 1093 3827 oratori.
1128 3780 1175 3836 Et,
1190 3779 1279 3826 utalia
1292 3783 1469 3840 transeamus,

337 3861 484 3918 usurpatur,
498 3861 523 3905 et
537 3871 624 3918 supra,
641 3861 653 3914 5
670 3857 725 3905 178.
924 3857 1050 3919 aliquanto
1063 3857 1154 3906 rectius
1167 3857 1199 3905 de
1212 3855 1272 3918 ipsis
1286 3859 1373 3916 naus,
1388 3872 1470 3919 qnam

371 3948 420 3982 aaa
437 3948 469 3982 aa
483 3935 563 3982 tribua
576 3935 614 3982 atr
631 3935 716 3995 [rebus
729 3934 793 3994 rea].
828 3933 877 3984 Alii
925 3936 957 3984 de
983 3935 1033 3984 illis
1048 3936 1166 3996 partibus
1192 3935 1313 3983 orationis
1338 3937 1472 3986 diceretur

337 4014 385 4061 iam
400 4014 557 4062 excluserunt
571 4012 630 4060 hine
644 4013 769 4070 malma,
786 4011 813 4060 in
826 4026 876 4060 uno
925 4027 966 4062 eas
979 4015 1014 4061 ad
1026 4015 1119 4061 menter
1132 4013 1470 4076 eorumquiaudiuntper-

338 4093 465 4152 alteroque
479 4089 543 4139 libro
556 4096 614 4139 ante
629 4091 876 4139 trilinineulcatum.
924 4105 1040 4139 manare:
1062 4092 1107 4140 sed
1122 4105 1273 4154 permanare
1289 4093 1324 4140 ad
1335 4095 1471 4142 mmmm

339 4171 388 4219 Sed
401 4174 529 4231 praeterea
543 4170 592 4218 duo
606 4174 730 4231 postrema
743 4166 820 4217 verba
831 4167 875 4216 ab·
924 4173 1018 4217 menter
1043 4169 1226 4218 vitiosissimum
1245 4175 1297 4228 est,
1317 4185 1399 4232 neque
1413 4175 1471 4222 tale

336 4249 442 4297 iieienda
455 4253 521 4296 sant.
924 4247 986 4308 quid
1004 4247 1117 4296 adiicitur
1134 4250 1215 4312 Legg.
1229 4250 1264 4297 II.
1280 4254 1293 4307 5
1308 4251 1354 4306 38,
1369 4248 1412 4296 nbi
1428 4259 1471 4300 est

374 4329 444 4389 [aem
451 4330 476 4374 et
478 4327 621 4388 principia,
629 4353 662 4360 -
664 4314 816 4387 permanare
817 4341 875 4388 poe-
925 4327 1029 4388 influere
1042 4327 1069 4374 in
1081 4328 1183 4385 animoa,
1198 4342 1279 4388 neque
1287 4327 1341 4375 aliis
1354 4328 1427 4387 locis,
1441 4330 1470 4378 in

337 4407 412 4467 εικῆ.
447 4405 544 4467 Operae
564 4404 671 4467 pretium
686 4413 722 4452 est
736 4405 875 4466 explicare,
925 4403 1013 4465 quibus
1023 4407 1189 4466 permanendi
1202 4404 1306 4453 verbum
1319 4396 1470 4468 usnrpatnr.

339 4499 414 4544 quare
434 4483 493 4532 mihi
515 4485 638 4546 Kayserus
659 4482 720 4530 haec
741 4489 808 4532 recte
830 4499 877 4544 pro
925 4485 1062 4541 Postremo,
1073 4499 1124 4532 non
1136 4485 1220 4542 credo,
1228 4485 1366 4532 Antonium
1373 4485 1472 4535 dixisse

336 4561 442 4610 insititiis
457 4561 548 4612 habere
562 4562 684 4611 videatur.
703 4561 822 4619 Primum,
839 4561 875 4611 lris
925 4560 955 4609 de
976 4563 1063 4623 quibam
1077 4563 1164 4621 paullo
1177 4565 1237 4622 port
1246 4564 1324 4624 plura
1337 4564 1469 4622 dicemur,
