<?xml version="1.0" encoding="UTF-8"?>
<!DOCTYPE html PUBLIC "-//W3C//DTD XHTML 1.0 Transitional//EN"
    "http://www.w3.org/TR/xhtml1/DTD/xhtml1-transitional.dtd">
<html xmlns="http://www.w3.org/1999/xhtml" xml:lang="en" lang="en">
 <head>
  <title>
</title>
<meta http-equiv="Content-Type" content="text/html;charset=utf-8" />
  <meta name='ocr-system' content='tesseract 3.04.00' />
  <meta name='ocr-capabilities' content='ocr_page ocr_carea ocr_par ocr_line ocrx_word'/>
</head>
<body>
  <div class='ocr_page' id='page_1' title='image "./mtulliiciceroni01bakegoog_0323.png"; bbox 0 0 3242 5500; ppageno 0'>
   <div class='ocr_carea' id='block_1_1' title="bbox 444 512 1227 615">
    <p class='ocr_par' dir='ltr' id='par_1_1' title="bbox 444 512 1227 615">
     <span class='ocr_line' id='line_1_1' title="bbox 444 512 1227 615; baseline 0.008 -22"><span class='ocrx_word' id='word_1_1' title='bbox 444 546 557 615; x_wconf 75' lang='lat' dir='ltr'><strong>uranu</strong></span> <span class='ocrx_word' id='word_1_2' title='bbox 582 512 752 596; x_wconf 78' lang='lat' dir='ltr'><strong>ruamus</strong></span> <span class='ocrx_word' id='word_1_3' title='bbox 782 530 799 609; x_wconf 64' lang='lat' dir='ltr'><strong>t</strong></span> <span class='ocrx_word' id='word_1_4' title='bbox 826 529 883 598; x_wconf 79' lang='lat'><strong>67.</strong></span> <span class='ocrx_word' id='word_1_5' title='bbox 1156 532 1227 599; x_wconf 86' lang='lat'><strong>303</strong></span> 
     </span>
    </p>
   </div>
   <div class='ocr_carea' id='block_1_2' title="bbox 64 708 1282 2325">
    <p class='ocr_par' dir='ltr' id='par_1_2' title="bbox 64 708 1282 2325">
     <span class='ocr_line' id='line_1_2' title="bbox 64 708 1227 818; baseline 0 -25"><span class='ocrx_word' id='word_1_6' title='bbox 64 708 65 713; x_wconf 24' lang='lat'>¹</span> <span class='ocrx_word' id='word_1_7' title='bbox 104 720 275 817; x_wconf 74' lang='lat' dir='ltr'>arripuit,</span> <span class='ocrx_word' id='word_1_8' title='bbox 313 720 410 818; x_wconf 84' lang='lat' dir='ltr'><strong>nihil·</strong></span> <span class='ocrx_word' id='word_1_9' title='bbox 438 743 513 791; x_wconf 89' lang='lat' dir='ltr'><strong>esse</strong></span> <span class='ocrx_word' id='word_1_10' title='bbox 552 714 693 816; x_wconf 78' lang='lat' dir='ltr'><strong>[cert‘]‚</strong></span> <span class='ocrx_word' id='word_1_11' title='bbox 732 719 824 814; x_wconf 90' lang='lat' dir='ltr'><strong>quod</strong></span> <span class='ocrx_word' id='word_1_12' title='bbox 861 728 934 792; x_wconf 43' lang='lat' dir='ltr'><strong>ant,</strong></span> <span class='ocrx_word' id='word_1_13' title='bbox 960 720 1140 806; x_wconf 87' lang='lat' dir='ltr'><strong>sensibus,</strong></span> <span class='ocrx_word' id='word_1_14' title='bbox 1167 729 1227 793; x_wconf 92' lang='lat' dir='ltr'><strong>aut</strong></span> 
     </span>
     <span class='ocr_line' id='line_1_3' title="bbox 103 816 1225 927; baseline -0.002 -23"><span class='ocrx_word' id='word_1_15' title='bbox 103 816 222 921; x_wconf 89' lang='lat' dir='ltr'><strong>animo</strong></span> <span class='ocrx_word' id='word_1_16' title='bbox 240 830 372 927; x_wconf 82' lang='lat' dir='ltr'>percipi</span> <span class='ocrx_word' id='word_1_17' title='bbox 389 829 510 924; x_wconf 85' lang='lat' dir='ltr'><strong>possit.</strong></span> <span class='ocrx_word' id='word_1_18' title='bbox 540 830 656 904; x_wconf 82' lang='lat' dir='ltr'><strong>Quem</strong></span> <span class='ocrx_word' id='word_1_19' title='bbox 673 830 802 913; x_wconf 81' lang='lat' dir='ltr'><strong>lerunt,</strong></span> <span class='ocrx_word' id='word_1_20' title='bbox 818 830 946 902; x_wconf 86' lang='lat' dir='ltr'><strong>eximio</strong></span> <span class='ocrx_word' id='word_1_21' title='bbox 956 830 1108 925; x_wconf 90' lang='lat' dir='ltr'><strong>quodam</strong></span> <span class='ocrx_word' id='word_1_22' title='bbox 1121 856 1225 908; x_wconf 89' lang='lat' dir='ltr'><strong>usum</strong></span> 
     </span>
     <span class='ocr_line' id='line_1_4' title="bbox 103 938 1224 1037; baseline -0.002 -23"><span class='ocrx_word' id='word_1_23' title='bbox 103 938 222 1037; x_wconf 89' lang='lat' dir='ltr'><strong>lepore</strong></span> <span class='ocrx_word' id='word_1_24' title='bbox 258 938 417 1023; x_wconf 84' lang='lat' dir='ltr'><strong>dicendi,</strong></span> <span class='ocrx_word' id='word_1_25' title='bbox 454 947 679 1034; x_wconf 89' lang='lat' dir='ltr'><strong>aspernatum</strong></span> <span class='ocrx_word' id='word_1_26' title='bbox 714 963 789 1011; x_wconf 89' lang='lat' dir='ltr'><strong>esse</strong></span> <span class='ocrx_word' id='word_1_27' title='bbox 821 964 926 1011; x_wconf 93' lang='lat' dir='ltr'><strong>omne</strong></span> <span class='ocrx_word' id='word_1_28' title='bbox 952 940 1061 1011; x_wconf 88' lang='lat' dir='ltr'><strong>animi</strong></span> <span class='ocrx_word' id='word_1_29' title='bbox 1086 965 1224 1013; x_wconf 89' lang='lat' dir='ltr'><strong>sensus·</strong></span> 
     </span>
     <span class='ocr_line' id='line_1_5' title="bbox 104 1048 1227 1147; baseline 0 -26"><span class='ocrx_word' id='word_1_30' title='bbox 104 1075 172 1147; x_wconf 90' lang='lat' dir='ltr'><strong>que</strong></span> <span class='ocrx_word' id='word_1_31' title='bbox 218 1049 390 1121; x_wconf 91' lang='lat' dir='ltr'><strong>iudicium</strong></span> <span class='ocrx_word' id='word_1_32' title='bbox 435 1048 660 1144; x_wconf 90' lang='lat' dir='ltr'><strong>primumque</strong></span> <span class='ocrx_word' id='word_1_33' title='bbox 695 1049 889 1121; x_wconf 77' lang='lat' dir='ltr'><strong>instituisse</strong></span> <span class='ocrx_word' id='word_1_34' title='bbox 926 1052 1155 1145; x_wconf 91' lang='lat' dir='ltr'><strong>(quamquam</strong></span> <span class='ocrx_word' id='word_1_35' title='bbox 1191 1050 1227 1121; x_wconf 91' lang='lat' dir='ltr'><strong>id</strong></span> 
     </span>
     <span class='ocr_line' id='line_1_6' title="bbox 103 1158 1225 1254; baseline -0.001 -22"><span class='ocrx_word' id='word_1_36' title='bbox 103 1162 170 1233; x_wconf 87' lang='lat' dir='ltr'><strong>fuit</strong></span> <span class='ocrx_word' id='word_1_37' title='bbox 215 1159 429 1230; x_wconf 87' lang='lat' dir='ltr'><strong>Socraticum</strong></span> <span class='ocrx_word' id='word_1_38' title='bbox 470 1158 659 1244; x_wconf 82' lang='lat' dir='ltr'><strong>maxime),</strong></span> <span class='ocrx_word' id='word_1_39' title='bbox 698 1183 790 1243; x_wconf 93' lang='lat' dir='ltr'><strong>non,</strong></span> <span class='ocrx_word' id='word_1_40' title='bbox 828 1158 916 1252; x_wconf 87' lang='lat' dir='ltr'><strong>quid</strong></span> <span class='ocrx_word' id='word_1_41' title='bbox 951 1161 1027 1254; x_wconf 89' lang='lat' dir='ltr'><strong>ipse</strong></span> <span class='ocrx_word' id='word_1_42' title='bbox 1060 1160 1225 1244; x_wconf 88' lang='lat' dir='ltr'><strong>sentiret,</strong></span> 
     </span>
     <span class='ocr_line' id='line_1_7' title="bbox 103 1264 1225 1364; baseline -0.003 -22"><span class='ocrx_word' id='word_1_43' title='bbox 103 1268 311 1352; x_wconf 89' lang='lat' dir='ltr'><strong>ostendere,</strong></span> <span class='ocrx_word' id='word_1_44' title='bbox 347 1264 414 1339; x_wconf 92' lang='lat' dir='ltr'><strong>sed&#39;</strong></span> <span class='ocrx_word' id='word_1_45' title='bbox 438 1275 558 1338; x_wconf 89' lang='lat' dir='ltr'><strong>contra</strong></span> <span class='ocrx_word' id='word_1_46' title='bbox 581 1266 639 1353; x_wconf 93' lang='lat' dir='ltr'><strong>id,</strong></span> <span class='ocrx_word' id='word_1_47' title='bbox 666 1266 761 1363; x_wconf 92' lang='lat' dir='ltr'><strong>quod</strong></span> <span class='ocrx_word' id='word_1_48' title='bbox 786 1268 936 1364; x_wconf 89' lang='lat' dir='ltr'><strong>quisque</strong></span> <span class='ocrx_word' id='word_1_49' title='bbox 959 1292 996 1339; x_wconf 90' lang='lat' dir='ltr'><strong>se</strong></span> <span class='ocrx_word' id='word_1_50' title='bbox 1021 1269 1148 1341; x_wconf 90' lang='lat' dir='ltr'><strong>sentire</strong></span> <span class='ocrx_word' id='word_1_51' title='bbox 1172 1267 1225 1339; x_wconf 90' lang='lat' dir='ltr'><strong>di·</strong></span> 
     </span>
     <span class='ocr_line' id='line_1_8' title="bbox 104 1374 1282 1473; baseline -0.003 -22"><span class='ocrx_word' id='word_1_52' title='bbox 104 1380 234 1464; x_wconf 84' lang='lat' dir='ltr'><strong>xisset,</strong></span> <span class='ocrx_word' id='word_1_53' title='bbox 273 1378 463 1473; x_wconf 90' lang='lat' dir='ltr'><strong>disputare.</strong></span> <span class='ocrx_word' id='word_1_54' title='bbox 515 1374 612 1449; x_wconf 88' lang='lat' dir='ltr'><strong>Hinc</strong></span> <span class='ocrx_word' id='word_1_55' title='bbox 636 1376 721 1448; x_wconf 88' lang='lat' dir='ltr'><strong>haec</strong></span> <span class='ocrx_word' id='word_1_56' title='bbox 743 1378 913 1450; x_wconf 85' lang='lat' dir='ltr'><strong>recentior</strong></span> <span class='ocrx_word' id='word_1_57' title='bbox 934 1377 1126 1449; x_wconf 81' lang='lat' dir='ltr'><strong>Academia</strong></span> <span class='ocrx_word' id='word_1_58' title='bbox 1153 1402 1226 1449; x_wconf 87' lang='lat' dir='ltr'><strong>ma·</strong></span> <span class='ocrx_word' id='word_1_59' title='bbox 1252 1402 1282 1447; x_wconf 84' lang='lat' dir='ltr'><strong>aa</strong></span> 
     </span>
     <span class='ocr_line' id='line_1_9' title="bbox 103 1486 1227 1581; baseline -0.002 -22"><span class='ocrx_word' id='word_1_60' title='bbox 103 1488 222 1573; x_wconf 91' lang='lat' dir='ltr'><strong>navit,</strong></span> <span class='ocrx_word' id='word_1_61' title='bbox 249 1488 287 1559; x_wconf 91' lang='lat' dir='ltr'><strong>in</strong></span> <span class='ocrx_word' id='word_1_62' title='bbox 314 1510 384 1581; x_wconf 90' lang='lat' dir='ltr'><strong>qua</strong></span> <span class='ocrx_word' id='word_1_63' title='bbox 408 1486 544 1558; x_wconf 84' lang='lat' dir='ltr'><strong>exstitit</strong></span> <span class='ocrx_word' id='word_1_64' title='bbox 569 1486 689 1558; x_wconf 89' lang='lat' dir='ltr'><strong>divina</strong></span> <span class='ocrx_word' id='word_1_65' title='bbox 711 1486 863 1581; x_wconf 91' lang='lat' dir='ltr'><strong>quadam</strong></span> <span class='ocrx_word' id='word_1_66' title='bbox 893 1487 1067 1559; x_wconf 90' lang='lat' dir='ltr'><strong>celeritate</strong></span> <span class='ocrx_word' id='word_1_67' title='bbox 1092 1488 1227 1581; x_wconf 86' lang='lat' dir='ltr'><strong>ingenii</strong></span> 
     </span>
     <span class='ocr_line' id='line_1_10' title="bbox 105 1581 1227 1693; baseline -0.001 -25"><span class='ocrx_word' id='word_1_68' title='bbox 105 1596 318 1693; x_wconf 91' lang='lat' dir='ltr'><strong>dicendique</strong></span> <span class='ocrx_word' id='word_1_69' title='bbox 363 1596 462 1691; x_wconf 90' lang='lat' dir='ltr'><strong>copia</strong></span> <span class='ocrx_word' id='word_1_70' title='bbox 504 1595 722 1681; x_wconf 84' lang='lat' dir='ltr'><strong>Carneades3</strong></span> <span class='ocrx_word' id='word_1_71' title='bbox 761 1597 862 1669; x_wconf 88' lang='lat' dir='ltr'><strong>cuius</strong></span> <span class='ocrx_word' id='word_1_72' title='bbox 897 1621 962 1691; x_wconf 85' lang='lat' dir='ltr'><strong>ego</strong></span> <span class='ocrx_word' id='word_1_73' title='bbox 996 1581 1062 1669; x_wconf 83' lang='lat' dir='ltr'><strong>etsi</strong></span> <span class='ocrx_word' id='word_1_74' title='bbox 1097 1596 1227 1667; x_wconf 93' lang='lat' dir='ltr'><strong>multos</strong></span> 
     </span>
     <span class='ocr_line' id='line_1_11' title="bbox 105 1705 1227 1800; baseline -0.002 -23"><span class='ocrx_word' id='word_1_75' title='bbox 105 1706 285 1778; x_wconf 85' lang='lat' dir='ltr'><strong>auditores</strong></span> <span class='ocrx_word' id='word_1_76' title='bbox 315 1705 462 1800; x_wconf 80' lang='lat' dir='ltr'><strong>cognovi</strong></span> <span class='ocrx_word' id='word_1_77' title='bbox 490 1705 664 1790; x_wconf 75' lang='lat' dir='ltr'><strong>Athenio,</strong></span> <span class='ocrx_word' id='word_1_78' title='bbox 690 1715 807 1777; x_wconf 91' lang='lat' dir='ltr'><strong>tamen</strong></span> <span class='ocrx_word' id='word_1_79' title='bbox 832 1714 990 1779; x_wconf 79' lang='lat' dir='ltr'><strong>auctores</strong></span> <span class='ocrx_word' id='word_1_80' title='bbox 1015 1705 1227 1777; x_wconf 90' lang='lat' dir='ltr'><strong>certissimos</strong></span> 
     </span>
     <span class='ocr_line' id='line_1_12' title="bbox 103 1810 1227 1911; baseline -0.003 -24"><span class='ocrx_word' id='word_1_81' title='bbox 103 1815 247 1888; x_wconf 90' lang='lat' dir='ltr'><strong>laudare</strong></span> <span class='ocrx_word' id='word_1_82' title='bbox 283 1839 428 1909; x_wconf 91' lang='lat' dir='ltr'><strong>possum</strong></span> <span class='ocrx_word' id='word_1_83' title='bbox 463 1822 497 1886; x_wconf 92' lang='lat' dir='ltr'><strong>et</strong></span> <span class='ocrx_word' id='word_1_84' title='bbox 530 1838 686 1886; x_wconf 86' lang='lat' dir='ltr'><strong>socerum</strong></span> <span class='ocrx_word' id='word_1_85' title='bbox 717 1839 836 1886; x_wconf 91' lang='lat' dir='ltr'><strong>meum</strong></span> <span class='ocrx_word' id='word_1_86' title='bbox 875 1810 1130 1911; x_wconf 83' lang='lat' dir='ltr'><strong>[Scaevolam],</strong></span> <span class='ocrx_word' id='word_1_87' title='bbox 1164 1815 1227 1909; x_wconf 88' lang='lat' dir='ltr'><strong>qui</strong></span> 
     </span>
     <span class='ocr_line' id='line_1_13' title="bbox 104 1921 1224 2009; baseline -0.002 -13"><span class='ocrx_word' id='word_1_88' title='bbox 104 1948 185 1996; x_wconf 91' lang='lat' dir='ltr'><strong>eum</strong></span> <span class='ocrx_word' id='word_1_89' title='bbox 211 1924 346 1995; x_wconf 90' lang='lat' dir='ltr'><strong>Romae</strong></span> <span class='ocrx_word' id='word_1_90' title='bbox 369 1922 502 1994; x_wconf 92' lang='lat' dir='ltr'><strong>audivit</strong></span> <span class='ocrx_word' id='word_1_91' title='bbox 532 1921 753 2009; x_wconf 88' lang='lat' dir='ltr'><strong>adolescens,</strong></span> <span class='ocrx_word' id='word_1_92' title='bbox 780 1932 814 1996; x_wconf 91' lang='lat' dir='ltr'><strong>et</strong></span> <span class='ocrx_word' id='word_1_93' title='bbox 839 1925 884 2000; x_wconf 87' lang='lat' dir='ltr'><strong>Q.</strong></span> <span class='ocrx_word' id='word_1_94' title='bbox 909 1924 1093 1997; x_wconf 90' lang='lat' dir='ltr'><strong>Metellum</strong></span> <span class='ocrx_word' id='word_1_95' title='bbox 1117 1924 1158 1995; x_wconf 87' lang='lat' dir='ltr'><strong>L.</strong></span> <span class='ocrx_word' id='word_1_96' title='bbox 1184 1923 1224 1994; x_wconf 83' lang='lat' dir='ltr'><strong>F.</strong></span> 
     </span>
     <span class='ocr_line' id='line_1_14' title="bbox 103 2032 1227 2129; baseline -0.001 -24"><span class='ocrx_word' id='word_1_97' title='bbox 103 2034 312 2105; x_wconf 88' lang='lat' dir='ltr'><strong>familiarem</strong></span> <span class='ocrx_word' id='word_1_98' title='bbox 344 2057 482 2119; x_wconf 90' lang='lat' dir='ltr'><strong>meum,</strong></span> <span class='ocrx_word' id='word_1_99' title='bbox 519 2032 752 2105; x_wconf 83' lang='lat' dir='ltr'><strong>clarissimum</strong></span> <span class='ocrx_word' id='word_1_100' title='bbox 776 2034 910 2119; x_wconf 89' lang='lat' dir='ltr'><strong>virum,</strong></span> <span class='ocrx_word' id='word_1_101' title='bbox 937 2034 999 2129; x_wconf 85' lang='lat' dir='ltr'><strong>qui</strong></span> <span class='ocrx_word' id='word_1_102' title='bbox 1020 2033 1121 2105; x_wconf 92' lang='lat' dir='ltr'><strong>illum</strong></span> <span class='ocrx_word' id='word_1_103' title='bbox 1145 2058 1166 2104; x_wconf 87' lang='lat' dir='ltr'><strong>a</strong></span> <span class='ocrx_word' id='word_1_104' title='bbox 1189 2056 1227 2105; x_wconf 90' lang='lat' dir='ltr'><strong>se</strong></span> 
     </span>
     <span class='ocr_line' id='line_1_15' title="bbox 103 2140 1227 2229; baseline -0.001 -15"><span class='ocrx_word' id='word_1_105' title='bbox 103 2142 324 2215; x_wconf 89' lang='lat' dir='ltr'><strong>adolescente</strong></span> <span class='ocrx_word' id='word_1_106' title='bbox 360 2140 534 2227; x_wconf 88' lang='lat' dir='ltr'><strong>Athenis,</strong></span> <span class='ocrx_word' id='word_1_107' title='bbox 572 2142 642 2215; x_wconf 88' lang='lat' dir='ltr'><strong>iam</strong></span> <span class='ocrx_word' id='word_1_108' title='bbox 677 2142 842 2214; x_wconf 86' lang='lat' dir='ltr'><strong>affectum</strong></span> <span class='ocrx_word' id='word_1_109' title='bbox 871 2150 1070 2229; x_wconf 88' lang='lat' dir='ltr'><strong>senectute,</strong></span> <span class='ocrx_word' id='word_1_110' title='bbox 1096 2142 1227 2213; x_wconf 91' lang='lat' dir='ltr'><strong>multos</strong></span> 
     </span>
     <span class='ocr_line' id='line_1_16' title="bbox 104 2250 640 2325; baseline -0.002 -1"><span class='ocrx_word' id='word_1_111' title='bbox 104 2252 179 2325; x_wconf 88' lang='lat' dir='ltr'><strong>dies</strong></span> <span class='ocrx_word' id='word_1_112' title='bbox 203 2251 366 2325; x_wconf 89' lang='lat' dir='ltr'><strong>auditum</strong></span> <span class='ocrx_word' id='word_1_113' title='bbox 393 2276 467 2323; x_wconf 89' lang='lat' dir='ltr'><strong>esse</strong></span> <span class='ocrx_word' id='word_1_114' title='bbox 490 2250 640 2323; x_wconf 90' lang='lat' dir='ltr'><strong>dicebat.</strong></span> 
     </span>
    </p>
   </div>
   <div class='ocr_carea' id='block_1_3' title="bbox 154 2355 1299 2538">
    <p class='ocr_par' dir='ltr' id='par_1_3' title="bbox 154 2355 1299 2538">
     <span class='ocr_line' id='line_1_17' title="bbox 154 2355 1299 2456; baseline -0.002 -24"><span class='ocrx_word' id='word_1_115' title='bbox 154 2361 255 2433; x_wconf 90' lang='lat' dir='ltr'><strong>Haec</strong></span> <span class='ocrx_word' id='word_1_116' title='bbox 292 2355 467 2455; x_wconf 85' lang='lat' dir='ltr'><strong>[autem],</strong></span> <span class='ocrx_word' id='word_1_117' title='bbox 503 2368 543 2432; x_wconf 93' lang='lat' dir='ltr'><strong>ut</strong></span> <span class='ocrx_word' id='word_1_118' title='bbox 566 2386 607 2431; x_wconf 85' lang='lat' dir='ltr'><strong>ex</strong></span> <span class='ocrx_word' id='word_1_119' title='bbox 633 2359 848 2456; x_wconf 86' lang='lat' dir='ltr'><strong>Appennino</strong></span> <span class='ocrx_word' id='word_1_120' title='bbox 873 2361 1083 2447; x_wconf 89' lang='lat' dir='ltr'><strong>fluminum,</strong></span> <span class='ocrx_word' id='word_1_121' title='bbox 1111 2361 1159 2433; x_wconf 88' lang='lat' dir='ltr'><strong>sic</strong></span> <span class='ocrx_word' id='word_1_122' title='bbox 1184 2384 1228 2431; x_wconf 85' lang='lat' dir='ltr'><strong>ex</strong></span> <span class='ocrx_word' id='word_1_123' title='bbox 1254 2377 1299 2445; x_wconf 83' lang='lat'><strong>19</strong></span> 
     </span>
     <span class='ocr_line' id='line_1_18' title="bbox 1252 2495 1282 2538; baseline 0.033 -1"><span class='ocrx_word' id='word_1_124' title='bbox 1252 2495 1282 2538; x_wconf 83' lang='lat' dir='ltr'><strong>aa</strong></span> 
     </span>
    </p>
   </div>
   <div class='ocr_carea' id='block_1_4' title="bbox 100 2611 1279 4635">
    <p class='ocr_par' dir='ltr' id='par_1_4' title="bbox 100 2611 1279 4635">
     <span class='ocr_line' id='line_1_19' title="bbox 105 2611 1228 2674; baseline -0.003 -11"><span class='ocrx_word' id='word_1_125' title='bbox 105 2616 191 2663; x_wconf 86' lang='lat' dir='ltr'><strong>doctos</strong></span> <span class='ocrx_word' id='word_1_126' title='bbox 213 2612 329 2669; x_wconf 81' lang='lat' dir='ltr'><strong>latuisse,</strong></span> <span class='ocrx_word' id='word_1_127' title='bbox 352 2625 416 2671; x_wconf 84' lang='lat' dir='ltr'><strong>quoe</strong></span> <span class='ocrx_word' id='word_1_128' title='bbox 429 2624 480 2658; x_wconf 91' lang='lat' dir='ltr'><strong>non</strong></span> <span class='ocrx_word' id='word_1_129' title='bbox 493 2611 573 2659; x_wconf 89' lang='lat' dir='ltr'><strong>dicam</strong></span> <span class='ocrx_word' id='word_1_130' title='bbox 587 2612 641 2658; x_wconf 86' lang='lat' dir='ltr'><strong>lan·</strong></span> <span class='ocrx_word' id='word_1_131' title='bbox 693 2615 718 2659; x_wconf 91' lang='lat' dir='ltr'><strong>et</strong></span> <span class='ocrx_word' id='word_1_132' title='bbox 737 2612 849 2659; x_wconf 74' lang='lat' dir='ltr'><strong>oratores</strong></span> <span class='ocrx_word' id='word_1_133' title='bbox 867 2612 984 2660; x_wconf 87' lang='lat' dir='ltr'><strong>dicuntur</strong></span> <span class='ocrx_word' id='word_1_134' title='bbox 1003 2612 1122 2674; x_wconf 63' lang='lat' dir='ltr'><strong>datum,</strong></span> <span class='ocrx_word' id='word_1_135' title='bbox 1140 2618 1165 2661; x_wconf 89' lang='lat' dir='ltr'><strong>et</strong></span> <span class='ocrx_word' id='word_1_136' title='bbox 1179 2613 1228 2660; x_wconf 80' lang='lat' dir='ltr'><strong>labi</strong></span> 
     </span>
     <span class='ocr_line' id='line_1_20' title="bbox 105 2690 1228 2756; baseline -0.003 -16"><span class='ocrx_word' id='word_1_137' title='bbox 105 2694 181 2756; x_wconf 81' lang='lat' dir='ltr'><strong>guida</strong></span> <span class='ocrx_word' id='word_1_138' title='bbox 204 2697 230 2739; x_wconf 87' lang='lat' dir='ltr'><strong>et</strong></span> <span class='ocrx_word' id='word_1_139' title='bbox 249 2691 332 2739; x_wconf 86' lang='lat' dir='ltr'><strong>ieiuna</strong></span> <span class='ocrx_word' id='word_1_140' title='bbox 352 2690 414 2748; x_wconf 88' lang='lat' dir='ltr'><strong>sint,</strong></span> <span class='ocrx_word' id='word_1_141' title='bbox 429 2690 584 2751; x_wconf 90' lang='lat' dir='ltr'><strong>multumque</strong></span> <span class='ocrx_word' id='word_1_142' title='bbox 598 2690 641 2737; x_wconf 90' lang='lat' dir='ltr'><strong>de·</strong></span> <span class='ocrx_word' id='word_1_143' title='bbox 691 2690 718 2737; x_wconf 84' lang='lat' dir='ltr'><strong>in</strong></span> <span class='ocrx_word' id='word_1_144' title='bbox 737 2704 818 2748; x_wconf 84' lang='lat' dir='ltr'><strong>mare,</strong></span> <span class='ocrx_word' id='word_1_145' title='bbox 844 2695 883 2750; x_wconf 83' lang='lat' dir='ltr'><strong>et,</strong></span> <span class='ocrx_word' id='word_1_146' title='bbox 904 2705 936 2739; x_wconf 88' lang='lat' dir='ltr'><strong>ne</strong></span> <span class='ocrx_word' id='word_1_147' title='bbox 955 2691 1083 2739; x_wconf 83' lang='lat' dir='ltr'><strong>deseratur</strong></span> <span class='ocrx_word' id='word_1_148' title='bbox 1102 2691 1228 2754; x_wconf 86' lang='lat' dir='ltr'><strong>Apennini</strong></span> 
     </span>
     <span class='ocr_line' id='line_1_21' title="bbox 105 2768 1225 2830; baseline -0.004 -9"><span class='ocrx_word' id='word_1_149' title='bbox 105 2775 208 2820; x_wconf 85' lang='lat' dir='ltr'><strong>flectant</strong></span> <span class='ocrx_word' id='word_1_150' title='bbox 221 2786 235 2818; x_wconf 88' lang='lat' dir='ltr'><strong>a</strong></span> <span class='ocrx_word' id='word_1_151' title='bbox 253 2769 405 2830; x_wconf 89' lang='lat' dir='ltr'><strong>reliquorum</strong></span> <span class='ocrx_word' id='word_1_152' title='bbox 419 2768 550 2830; x_wconf 85' lang='lat' dir='ltr'><strong>prudentia</strong></span> <span class='ocrx_word' id='word_1_153' title='bbox 564 2773 588 2817; x_wconf 90' lang='lat' dir='ltr'><strong>et</strong></span> <span class='ocrx_word' id='word_1_154' title='bbox 601 2783 641 2816; x_wconf 88' lang='lat' dir='ltr'><strong>ea·</strong></span> <span class='ocrx_word' id='word_1_155' title='bbox 691 2768 839 2827; x_wconf 86' lang='lat' dir='ltr'><strong>similitudo,</strong></span> <span class='ocrx_word' id='word_1_156' title='bbox 860 2769 896 2817; x_wconf 89' lang='lat' dir='ltr'><strong>illi</strong></span> <span class='ocrx_word' id='word_1_157' title='bbox 915 2770 940 2817; x_wconf 89' lang='lat' dir='ltr'><strong>in</strong></span> <span class='ocrx_word' id='word_1_158' title='bbox 960 2785 1075 2830; x_wconf 79' lang='lat' dir='ltr'><strong>superam</strong></span> <span class='ocrx_word' id='word_1_159' title='bbox 1084 2795 1095 2826; x_wconf 90' lang='lat'><strong>,·</strong></span> <span class='ocrx_word' id='word_1_160' title='bbox 1109 2770 1134 2816; x_wconf 91' lang='lat' dir='ltr'><strong>hi</strong></span> <span class='ocrx_word' id='word_1_161' title='bbox 1148 2769 1173 2817; x_wconf 92' lang='lat' dir='ltr'><strong>in</strong></span> <span class='ocrx_word' id='word_1_162' title='bbox 1186 2771 1225 2817; x_wconf 83' lang='lat' dir='ltr'><strong>in·</strong></span> 
     </span>
     <span class='ocr_line' id='line_1_22' title="bbox 105 2847 1226 2909; baseline -0.002 -11"><span class='ocrx_word' id='word_1_163' title='bbox 105 2851 187 2899; x_wconf 86' lang='lat' dir='ltr'><strong>stitate</strong></span> <span class='ocrx_word' id='word_1_164' title='bbox 202 2855 227 2896; x_wconf 92' lang='lat' dir='ltr'><strong>et</strong></span> <span class='ocrx_word' id='word_1_165' title='bbox 239 2851 385 2904; x_wconf 89' lang='lat' dir='ltr'><strong>venustate,</strong></span> <span class='ocrx_word' id='word_1_166' title='bbox 399 2847 443 2894; x_wconf 89' lang='lat' dir='ltr'><strong>sed</strong></span> <span class='ocrx_word' id='word_1_167' title='bbox 456 2861 519 2908; x_wconf 90' lang='lat' dir='ltr'><strong>quae</strong></span> <span class='ocrx_word' id='word_1_168' title='bbox 532 2847 644 2895; x_wconf 88' lang='lat' dir='ltr'><strong>nemosit</strong></span> <span class='ocrx_word' id='word_1_169' title='bbox 685 2847 776 2907; x_wconf 82' lang='lat' dir='ltr'><strong>feram</strong></span> <span class='ocrx_word' id='word_1_170' title='bbox 796 2863 873 2896; x_wconf 76' lang='lat' dir='ltr'><strong>mare,</strong></span> <span class='ocrx_word' id='word_1_171' title='bbox 908 2848 933 2897; x_wconf 88' lang='lat' dir='ltr'><strong>Si</strong></span> <span class='ocrx_word' id='word_1_172' title='bbox 946 2848 1000 2909; x_wconf 87' lang='lat' dir='ltr'><strong>quis</strong></span> <span class='ocrx_word' id='word_1_173' title='bbox 1014 2848 1059 2906; x_wconf 87' lang='lat' dir='ltr'><strong>sit,</strong></span> <span class='ocrx_word' id='word_1_174' title='bbox 1074 2848 1113 2896; x_wconf 90' lang='lat' dir='ltr'><strong>eui</strong></span> <span class='ocrx_word' id='word_1_175' title='bbox 1127 2848 1226 2896; x_wconf 90' lang='lat' dir='ltr'><strong>hocin-</strong></span> 
     </span>
     <span class='ocr_line' id='line_1_23' title="bbox 103 2925 1226 2990; baseline -0.002 -14"><span class='ocrx_word' id='word_1_176' title='bbox 103 2929 163 2990; x_wconf 86' lang='lat' dir='ltr'><strong>qnin</strong></span> <span class='ocrx_word' id='word_1_177' title='bbox 184 2927 325 2975; x_wconf 88' lang='lat' dir='ltr'><strong>admonitus</strong></span> <span class='ocrx_word' id='word_1_178' title='bbox 344 2925 433 2974; x_wconf 85' lang='lat' dir='ltr'><strong>stolida</strong></span> <span class='ocrx_word' id='word_1_179' title='bbox 450 2939 502 2974; x_wconf 85' lang='lat' dir='ltr'><strong>esse</strong></span> <span class='ocrx_word' id='word_1_180' title='bbox 516 2930 642 2988; x_wconf 78' lang='lat' dir='ltr'><strong>agnoscat.</strong></span> <span class='ocrx_word' id='word_1_181' title='bbox 691 2932 793 2975; x_wconf 88' lang='lat' dir='ltr'><strong>ventum</strong></span> <span class='ocrx_word' id='word_1_182' title='bbox 827 2942 878 2976; x_wconf 86' lang='lat' dir='ltr'><strong>non</strong></span> <span class='ocrx_word' id='word_1_183' title='bbox 904 2940 1056 2990; x_wconf 80' lang='lat' dir='ltr'><strong>magnopere</strong></span> <span class='ocrx_word' id='word_1_184' title='bbox 1082 2926 1226 2988; x_wconf 86' lang='lat' dir='ltr'><strong>displiceat,</strong></span> 
     </span>
     <span class='ocr_line' id='line_1_24' title="bbox 103 3004 1226 3067; baseline -0.004 -12"><span class='ocrx_word' id='word_1_185' title='bbox 103 3007 218 3064; x_wconf 87' lang='lat' dir='ltr'><strong>Scilicet,</strong></span> <span class='ocrx_word' id='word_1_186' title='bbox 235 3009 313 3054; x_wconf 90' lang='lat' dir='ltr'><strong>totam</strong></span> <span class='ocrx_word' id='word_1_187' title='bbox 327 3004 518 3067; x_wconf 83' lang='lat' dir='ltr'><strong>praecedentem</strong></span> <span class='ocrx_word' id='word_1_188' title='bbox 531 3004 641 3064; x_wconf 86' lang='lat' dir='ltr'><strong>disputa·</strong></span> <span class='ocrx_word' id='word_1_189' title='bbox 691 3005 798 3053; x_wconf 88' lang='lat' dir='ltr'><strong>occurrit</strong></span> <span class='ocrx_word' id='word_1_190' title='bbox 814 3010 898 3053; x_wconf 87' lang='lat' dir='ltr'><strong>tamen</strong></span> <span class='ocrx_word' id='word_1_191' title='bbox 912 3005 975 3062; x_wconf 88' lang='lat' dir='ltr'><strong>hoc,</strong></span> <span class='ocrx_word' id='word_1_192' title='bbox 990 3005 1056 3066; x_wconf 89' lang='lat' dir='ltr'><strong>quod</strong></span> <span class='ocrx_word' id='word_1_193' title='bbox 1069 3004 1153 3054; x_wconf 86' lang='lat' dir='ltr'><strong>addita</strong></span> <span class='ocrx_word' id='word_1_194' title='bbox 1165 3005 1226 3052; x_wconf 89' lang='lat' dir='ltr'><strong>utri·</strong></span> 
     </span>
     <span class='ocr_line' id='line_1_25' title="bbox 101 3082 1228 3144; baseline -0.003 -10"><span class='ocrx_word' id='word_1_195' title='bbox 101 3087 213 3142; x_wconf 86' lang='lat' dir='ltr'><strong>tionem,</strong></span> <span class='ocrx_word' id='word_1_196' title='bbox 233 3084 292 3132; x_wconf 92' lang='lat' dir='ltr'><strong>inde</strong></span> <span class='ocrx_word' id='word_1_197' title='bbox 314 3097 328 3130; x_wconf 90' lang='lat' dir='ltr'><strong>a</strong></span> <span class='ocrx_word' id='word_1_198' title='bbox 350 3087 362 3142; x_wconf 83' lang='lat'>§</span> <span class='ocrx_word' id='word_1_199' title='bbox 378 3084 423 3140; x_wconf 83' lang='lat'><strong>59,</strong></span> <span class='ocrx_word' id='word_1_200' title='bbox 437 3082 463 3130; x_wconf 91' lang='lat' dir='ltr'><strong>in</strong></span> <span class='ocrx_word' id='word_1_201' title='bbox 477 3096 525 3142; x_wconf 87' lang='lat' dir='ltr'><strong>qua</strong></span> <span class='ocrx_word' id='word_1_202' title='bbox 538 3082 641 3130; x_wconf 91' lang='lat' dir='ltr'><strong>demon·</strong></span> <span class='ocrx_word' id='word_1_203' title='bbox 690 3097 768 3143; x_wconf 89' lang='lat' dir='ltr'><strong>usque</strong></span> <span class='ocrx_word' id='word_1_204' title='bbox 788 3083 862 3130; x_wconf 87' lang='lat' dir='ltr'><strong>maris</strong></span> <span class='ocrx_word' id='word_1_205' title='bbox 882 3083 1047 3144; x_wconf 87' lang='lat' dir='ltr'><strong>descriptione</strong></span> <span class='ocrx_word' id='word_1_206' title='bbox 1059 3084 1094 3141; x_wconf 88' lang='lat' dir='ltr'><strong>is,</strong></span> <span class='ocrx_word' id='word_1_207' title='bbox 1110 3083 1151 3144; x_wconf 91' lang='lat' dir='ltr'><strong>qui</strong></span> <span class='ocrx_word' id='word_1_208' title='bbox 1165 3082 1228 3131; x_wconf 90' lang='lat' dir='ltr'><strong>haec</strong></span> 
     </span>
     <span class='ocr_line' id='line_1_26' title="bbox 102 3160 1226 3228; baseline -0.004 -15"><span class='ocrx_word' id='word_1_209' title='bbox 102 3168 176 3222; x_wconf 85' lang='lat' dir='ltr'><strong>strat,</strong></span> <span class='ocrx_word' id='word_1_210' title='bbox 191 3177 242 3224; x_wconf 88' lang='lat' dir='ltr'><strong>quo</strong></span> <span class='ocrx_word' id='word_1_211' title='bbox 255 3161 331 3209; x_wconf 90' lang='lat' dir='ltr'><strong>modo</strong></span> <span class='ocrx_word' id='word_1_212' title='bbox 344 3175 389 3217; x_wconf 88' lang='lat' dir='ltr'><strong>ea,</strong></span> <span class='ocrx_word' id='word_1_213' title='bbox 408 3160 643 3228; x_wconf 80' lang='lat' dir='ltr'><strong>quaeanteafnisset</strong></span> <span class='ocrx_word' id='word_1_214' title='bbox 691 3161 854 3224; x_wconf 80' lang='lat' dir='ltr'><strong>excogitavit,</strong></span> <span class='ocrx_word' id='word_1_215' title='bbox 867 3161 902 3210; x_wconf 86' lang='lat' dir='ltr'><strong>ita</strong></span> <span class='ocrx_word' id='word_1_216' title='bbox 915 3161 1063 3210; x_wconf 84' lang='lat' dir='ltr'><strong>adumbrare</strong></span> <span class='ocrx_word' id='word_1_217' title='bbox 1074 3161 1226 3215; x_wconf 81' lang='lat' dir='ltr'><strong>volnissevi-</strong></span> 
     </span>
     <span class='ocr_line' id='line_1_27' title="bbox 102 3239 1229 3302; baseline -0.004 -10"><span class='ocrx_word' id='word_1_218' title='bbox 102 3257 151 3292; x_wconf 85' lang='lat' dir='ltr'><strong>una</strong></span> <span class='ocrx_word' id='word_1_219' title='bbox 165 3240 297 3302; x_wconf 88' lang='lat' dir='ltr'><strong>disciplina</strong></span> <span class='ocrx_word' id='word_1_220' title='bbox 310 3239 434 3302; x_wconf 81' lang='lat' dir='ltr'><strong>cogitandi</strong></span> <span class='ocrx_word' id='word_1_221' title='bbox 446 3239 602 3300; x_wconf 89' lang='lat' dir='ltr'><strong>dicendique,</strong></span> <span class='ocrx_word' id='word_1_222' title='bbox 615 3241 641 3287; x_wconf 91' lang='lat' dir='ltr'><strong>in</strong></span> <span class='ocrx_word' id='word_1_223' title='bbox 690 3240 763 3288; x_wconf 85' lang='lat' dir='ltr'><strong>detur</strong></span> <span class='ocrx_word' id='word_1_224' title='bbox 787 3240 915 3301; x_wconf 83' lang='lat' dir='ltr'><strong>utriusque</strong></span> <span class='ocrx_word' id='word_1_225' title='bbox 941 3241 1050 3288; x_wconf 86' lang='lat' dir='ltr'><strong>muneris</strong></span> <span class='ocrx_word' id='word_1_226' title='bbox 1072 3241 1181 3289; x_wconf 89' lang='lat' dir='ltr'><strong>indolem</strong></span> <span class='ocrx_word' id='word_1_227' title='bbox 1202 3244 1229 3292; x_wconf 84' lang='lat' dir='ltr'><strong>et</strong></span> 
     </span>
     <span class='ocr_line' id='line_1_28' title="bbox 102 3317 1229 3382; baseline -0.003 -13"><span class='ocrx_word' id='word_1_228' title='bbox 102 3323 151 3369; x_wconf 86' lang='lat' dir='ltr'><strong>duo</strong></span> <span class='ocrx_word' id='word_1_229' title='bbox 165 3320 266 3368; x_wconf 81' lang='lat' dir='ltr'><strong>diversa</strong></span> <span class='ocrx_word' id='word_1_230' title='bbox 279 3317 416 3366; x_wconf 87' lang='lat' dir='ltr'><strong>studiorum</strong></span> <span class='ocrx_word' id='word_1_231' title='bbox 428 3317 642 3380; x_wconf 80' lang='lat' dir='ltr'><strong>generedistracta</strong></span> <span class='ocrx_word' id='word_1_232' title='bbox 690 3321 817 3366; x_wconf 85' lang='lat' dir='ltr'><strong>naturam:</strong></span> <span class='ocrx_word' id='word_1_233' title='bbox 845 3319 920 3382; x_wconf 75' lang='lat' dir='ltr'><strong>igitur</strong></span> <span class='ocrx_word' id='word_1_234' title='bbox 939 3318 1094 3381; x_wconf 86' lang='lat' dir='ltr'><strong>philosophis</strong></span> <span class='ocrx_word' id='word_1_235' title='bbox 1113 3319 1229 3366; x_wconf 88' lang='lat' dir='ltr'><strong>concedit</strong></span> 
     </span>
     <span class='ocr_line' id='line_1_29' title="bbox 102 3395 1227 3457; baseline -0.004 -9"><span class='ocrx_word' id='word_1_236' title='bbox 102 3404 182 3455; x_wconf 85' lang='lat' dir='ltr'><strong>esset,</strong></span> <span class='ocrx_word' id='word_1_237' title='bbox 208 3401 237 3445; x_wconf 93' lang='lat' dir='ltr'><strong>ut</strong></span> <span class='ocrx_word' id='word_1_238' title='bbox 251 3396 292 3444; x_wconf 87' lang='lat' dir='ltr'><strong>atii</strong></span> <span class='ocrx_word' id='word_1_239' title='bbox 306 3395 463 3457; x_wconf 86' lang='lat' dir='ltr'><strong>philosophi,</strong></span> <span class='ocrx_word' id='word_1_240' title='bbox 478 3395 519 3444; x_wconf 90' lang='lat' dir='ltr'><strong>alii</strong></span> <span class='ocrx_word' id='word_1_241' title='bbox 532 3400 641 3445; x_wconf 87' lang='lat' dir='ltr'><strong>oratores</strong></span> <span class='ocrx_word' id='word_1_242' title='bbox 690 3410 758 3444; x_wconf 86' lang='lat' dir='ltr'><strong>mare</strong></span> <span class='ocrx_word' id='word_1_243' title='bbox 773 3399 935 3457; x_wconf 71' lang='lat' dir='ltr'><strong>portuosum,</strong></span> <span class='ocrx_word' id='word_1_244' title='bbox 955 3395 1093 3445; x_wconf 86' lang='lat' dir='ltr'><strong>oratoribus</strong></span> <span class='ocrx_word' id='word_1_245' title='bbox 1106 3395 1227 3454; x_wconf 70' lang='lat' dir='ltr'><strong>inflatam</strong></span> 
     </span>
     <span class='ocr_line' id='line_1_30' title="bbox 102 3473 1226 3538; baseline -0.004 -12"><span class='ocrx_word' id='word_1_246' title='bbox 102 3476 301 3533; x_wconf 87' lang='lat' dir='ltr'><strong>ethaberentur,</strong></span> <span class='ocrx_word' id='word_1_247' title='bbox 316 3473 500 3532; x_wconf 86' lang='lat' dir='ltr'><strong>etdicerentur,</strong></span> <span class='ocrx_word' id='word_1_248' title='bbox 515 3474 643 3522; x_wconf 86' lang='lat' dir='ltr'><strong>concludit</strong></span> <span class='ocrx_word' id='word_1_249' title='bbox 691 3477 717 3522; x_wconf 86' lang='lat' dir='ltr'><strong>et</strong></span> <span class='ocrx_word' id='word_1_250' title='bbox 742 3477 895 3535; x_wconf 67' lang='lat' dir='ltr'><strong>scopamm</strong></span> <span class='ocrx_word' id='word_1_251' title='bbox 921 3477 960 3538; x_wconf 89' lang='lat' dir='ltr'><strong>(in</strong></span> <span class='ocrx_word' id='word_1_252' title='bbox 981 3475 1069 3536; x_wconf 87' lang='lat' dir='ltr'><strong>quibus</strong></span> <span class='ocrx_word' id='word_1_253' title='bbox 1089 3475 1226 3522; x_wconf 86' lang='lat' dir='ltr'><strong>notandum</strong></span> 
     </span>
     <span class='ocr_line' id='line_1_31' title="bbox 103 3551 1227 3622; baseline -0.004 -18"><span class='ocrx_word' id='word_1_254' title='bbox 103 3556 212 3622; x_wconf 74' lang='lat' dir='ltr'><strong>eleganti</strong></span> <span class='ocrx_word' id='word_1_255' title='bbox 232 3553 307 3602; x_wconf 87' lang='lat' dir='ltr'><strong>simili</strong></span> <span class='ocrx_word' id='word_1_256' title='bbox 326 3551 449 3610; x_wconf 87' lang='lat' dir='ltr'><strong>adhibito,</strong></span> <span class='ocrx_word' id='word_1_257' title='bbox 470 3552 496 3599; x_wconf 89' lang='lat' dir='ltr'><strong>in</strong></span> <span class='ocrx_word' id='word_1_258' title='bbox 517 3567 565 3613; x_wconf 92' lang='lat' dir='ltr'><strong>quo</strong></span> <span class='ocrx_word' id='word_1_259' title='bbox 579 3553 640 3600; x_wconf 90' lang='lat' dir='ltr'><strong>alle·</strong></span> <span class='ocrx_word' id='word_1_260' title='bbox 689 3553 780 3602; x_wconf 87' lang='lat' dir='ltr'><strong>rectius</strong></span> <span class='ocrx_word' id='word_1_261' title='bbox 806 3567 866 3602; x_wconf 87' lang='lat' dir='ltr'><strong>sane</strong></span> <span class='ocrx_word' id='word_1_262' title='bbox 890 3554 1066 3614; x_wconf 77' lang='lat' dir='ltr'><strong>naoipotionem</strong></span> <span class='ocrx_word' id='word_1_263' title='bbox 1081 3554 1227 3614; x_wconf 79' lang='lat' dir='ltr'><strong>portuosum</strong></span> 
     </span>
     <span class='ocr_line' id='line_1_32' title="bbox 103 3630 1225 3696; baseline -0.004 -14"><span class='ocrx_word' id='word_1_264' title='bbox 103 3635 197 3696; x_wconf 86' lang='lat' dir='ltr'><strong>goriam</strong></span> <span class='ocrx_word' id='word_1_265' title='bbox 211 3636 372 3696; x_wconf 85' lang='lat' dir='ltr'><strong>persecutus,</strong></span> <span class='ocrx_word' id='word_1_266' title='bbox 386 3631 449 3679; x_wconf 82' lang='lat' dir='ltr'><strong>sicut</strong></span> <span class='ocrx_word' id='word_1_267' title='bbox 455 3632 589 3694; x_wconf 83' lang='lat' dir='ltr'><strong>flaminum</strong></span> <span class='ocrx_word' id='word_1_268' title='bbox 602 3631 641 3678; x_wconf 86' lang='lat' dir='ltr'><strong>di·</strong></span> <span class='ocrx_word' id='word_1_269' title='bbox 690 3631 812 3694; x_wconf 87' lang='lat' dir='ltr'><strong>appellari</strong></span> <span class='ocrx_word' id='word_1_270' title='bbox 830 3631 863 3680; x_wconf 87' lang='lat' dir='ltr'><strong>ad</strong></span> <span class='ocrx_word' id='word_1_271' title='bbox 876 3632 934 3679; x_wconf 87' lang='lat' dir='ltr'><strong>Div.</strong></span> <span class='ocrx_word' id='word_1_272' title='bbox 948 3633 993 3679; x_wconf 88' lang='lat' dir='ltr'><strong>vl.</strong></span> <span class='ocrx_word' id='word_1_273' title='bbox 1008 3631 1062 3693; x_wconf 85' lang='lat'>20).</span> <span class='ocrx_word' id='word_1_274' title='bbox 1103 3630 1225 3688; x_wconf 86' lang='lat' dir='ltr'><strong>Difficile,</strong></span> 
     </span>
     <span class='ocr_line' id='line_1_33' title="bbox 103 3707 1227 3772; baseline -0.003 -11"><span class='ocrx_word' id='word_1_275' title='bbox 103 3715 182 3761; x_wconf 78' lang='lat' dir='ltr'><strong>nortia</strong></span> <span class='ocrx_word' id='word_1_276' title='bbox 202 3727 235 3760; x_wconf 80' lang='lat' dir='ltr'><strong>ea</strong></span> <span class='ocrx_word' id='word_1_277' title='bbox 247 3709 377 3771; x_wconf 79' lang='lat' dir='ltr'><strong>Apennino</strong></span> <span class='ocrx_word' id='word_1_278' title='bbox 390 3707 477 3772; x_wconf 86' lang='lat' dir='ltr'><strong>(quarn</strong></span> <span class='ocrx_word' id='word_1_279' title='bbox 490 3709 641 3758; x_wconf 88' lang='lat' dir='ltr'><strong>locutionem</strong></span> <span class='ocrx_word' id='word_1_280' title='bbox 691 3710 815 3771; x_wconf 85' lang='lat' dir='ltr'><strong>suspicor,</strong></span> <span class='ocrx_word' id='word_1_281' title='bbox 828 3709 916 3758; x_wconf 79' lang='lat' dir='ltr'><strong>fuisset</strong></span> <span class='ocrx_word' id='word_1_282' title='bbox 929 3711 1030 3767; x_wconf 83' lang='lat' dir='ltr'><strong>Crasso,</strong></span> <span class='ocrx_word' id='word_1_283' title='bbox 1045 3711 1087 3771; x_wconf 92' lang='lat' dir='ltr'><strong>qui</strong></span> <span class='ocrx_word' id='word_1_284' title='bbox 1100 3709 1227 3770; x_wconf 85' lang='lat' dir='ltr'><strong>aliquanto</strong></span> 
     </span>
     <span class='ocr_line' id='line_1_34' title="bbox 103 3787 1227 3853; baseline -0.002 -14"><span class='ocrx_word' id='word_1_285' title='bbox 103 3795 225 3852; x_wconf 90' lang='lat' dir='ltr'><strong>perpetuo</strong></span> <span class='ocrx_word' id='word_1_286' title='bbox 245 3793 377 3838; x_wconf 84' lang='lat' dir='ltr'><strong>servarunt</strong></span> <span class='ocrx_word' id='word_1_287' title='bbox 390 3788 509 3836; x_wconf 84' lang='lat' dir='ltr'><strong>Romani:</strong></span> <span class='ocrx_word' id='word_1_288' title='bbox 523 3787 575 3836; x_wconf 87' lang='lat' dir='ltr'><strong>vid.</strong></span> <span class='ocrx_word' id='word_1_289' title='bbox 589 3787 642 3835; x_wconf 89' lang='lat' dir='ltr'><strong>Viri</strong></span> <span class='ocrx_word' id='word_1_290' title='bbox 690 3793 746 3851; x_wconf 91' lang='lat' dir='ltr'><strong>post</strong></span> <span class='ocrx_word' id='word_1_291' title='bbox 765 3793 816 3836; x_wconf 89' lang='lat' dir='ltr'><strong>tam</strong></span> <span class='ocrx_word' id='word_1_292' title='bbox 837 3789 937 3851; x_wconf 77' lang='lat' dir='ltr'><strong>egregia</strong></span> <span class='ocrx_word' id='word_1_293' title='bbox 955 3788 1024 3837; x_wconf 87' lang='lat' dir='ltr'><strong>istius</strong></span> <span class='ocrx_word' id='word_1_294' title='bbox 1044 3789 1141 3852; x_wconf 78' lang='lat' dir='ltr'><strong>generis</strong></span> <span class='ocrx_word' id='word_1_295' title='bbox 1154 3803 1227 3853; x_wconf 87' lang='lat' dir='ltr'><strong>prce-</strong></span> 
     </span>
     <span class='ocr_line' id='line_1_35' title="bbox 104 3864 1279 3931; baseline 0.002 -15"><span class='ocrx_word' id='word_1_296' title='bbox 104 3870 168 3918; x_wconf 87' lang='lat' dir='ltr'><strong>docti</strong></span> <span class='ocrx_word' id='word_1_297' title='bbox 181 3869 215 3917; x_wconf 88' lang='lat' dir='ltr'><strong>ad</strong></span> <span class='ocrx_word' id='word_1_298' title='bbox 227 3867 326 3916; x_wconf 88' lang='lat' dir='ltr'><strong>Livium</strong></span> <span class='ocrx_word' id='word_1_299' title='bbox 341 3867 487 3915; x_wconf 84' lang='lat' dir='ltr'>XXXVIII.</span> <span class='ocrx_word' id='word_1_300' title='bbox 502 3869 543 3914; x_wconf 84' lang='lat'><strong>45.</strong></span> <span class='ocrx_word' id='word_1_301' title='bbox 556 3864 593 3924; x_wconf 86' lang='lat'><strong>3),</strong></span> <span class='ocrx_word' id='word_1_302' title='bbox 607 3865 641 3914; x_wconf 91' lang='lat' dir='ltr'><strong>ita</strong></span> <span class='ocrx_word' id='word_1_303' title='bbox 690 3872 762 3928; x_wconf 88' lang='lat' dir='ltr'><strong>cepta</strong></span> <span class='ocrx_word' id='word_1_304' title='bbox 781 3867 857 3915; x_wconf 88' lang='lat' dir='ltr'><strong>tradit</strong></span> <span class='ocrx_word' id='word_1_305' title='bbox 877 3866 903 3930; x_wconf 64' lang='grc' dir='ltr'><strong>(ξ</strong></span> <span class='ocrx_word' id='word_1_306' title='bbox 920 3866 1072 3931; x_wconf 77' lang='lat' dir='ltr'><strong>163,sqq‚),</strong></span> <span class='ocrx_word' id='word_1_307' title='bbox 1086 3867 1227 3916; x_wconf 88' lang='lat' dir='ltr'><strong>huiusmodi</strong></span> <span class='ocrx_word' id='word_1_308' title='bbox 1267 3908 1279 3918; x_wconf 78' lang='grc'><strong><em>,</em></strong></span> 
     </span>
     <span class='ocr_line' id='line_1_36' title="bbox 104 3944 1225 4009; baseline -0.001 -13"><span class='ocrx_word' id='word_1_309' title='bbox 104 3949 275 3996; x_wconf 76' lang='lat' dir='ltr'><strong>doctrinarum</strong></span> <span class='ocrx_word' id='word_1_310' title='bbox 295 3944 401 3992; x_wconf 79' lang='lat' dir='ltr'><strong>divortia</strong></span> <span class='ocrx_word' id='word_1_311' title='bbox 420 3959 453 3992; x_wconf 79' lang='lat' dir='ltr'><strong>aa</strong></span> <span class='ocrx_word' id='word_1_312' title='bbox 466 3945 586 3992; x_wconf 69' lang='lat' dir='ltr'><strong>commum</strong></span> <span class='ocrx_word' id='word_1_313' title='bbox 599 3959 640 3991; x_wconf 83' lang='lat' dir='ltr'><strong>aa·</strong></span> <span class='ocrx_word' id='word_1_314' title='bbox 690 3944 875 3993; x_wconf 84' lang='lat' dir='ltr'><strong>similitudinem</strong></span> <span class='ocrx_word' id='word_1_315' title='bbox 887 3945 1031 3994; x_wconf 83' lang='lat' dir='ltr'><strong>defendere.</strong></span> <span class='ocrx_word' id='word_1_316' title='bbox 1055 3949 1170 4009; x_wconf 76' lang='lat' dir='ltr'><strong>Arguunt</strong></span> <span class='ocrx_word' id='word_1_317' title='bbox 1182 3962 1225 3995; x_wconf 90' lang='lat' dir='ltr'><strong>va-</strong></span> 
     </span>
     <span class='ocr_line' id='line_1_37' title="bbox 100 4022 1227 4088; baseline -0.001 -14"><span class='ocrx_word' id='word_1_318' title='bbox 100 4028 211 4088; x_wconf 76' lang='lat' dir='ltr'><strong>pientiae</strong></span> <span class='ocrx_word' id='word_1_319' title='bbox 230 4025 287 4088; x_wconf 80' lang='lat' dir='ltr'><strong>iupa</strong></span> <span class='ocrx_word' id='word_1_320' title='bbox 308 4024 427 4084; x_wconf 85' lang='lat' dir='ltr'><strong>appellat.</strong></span> <span class='ocrx_word' id='word_1_321' title='bbox 461 4024 573 4083; x_wconf 82' lang='lat' dir='ltr'><strong>Apparet</strong></span> <span class='ocrx_word' id='word_1_322' title='bbox 592 4022 640 4070; x_wconf 88' lang='lat' dir='ltr'><strong>iarn</strong></span> <span class='ocrx_word' id='word_1_323' title='bbox 689 4023 1153 4085; x_wconf 85' lang='lat' dir='ltr'><strong>nissimuminterpolatoremineptiae,</strong></span> <span class='ocrx_word' id='word_1_324' title='bbox 1167 4039 1227 4086; x_wconf 85' lang='lat' dir='ltr'><strong>quas</strong></span> 
     </span>
     <span class='ocr_line' id='line_1_38' title="bbox 106 4099 1227 4163; baseline -0.004 -9"><span class='ocrx_word' id='word_1_325' title='bbox 106 4105 174 4154; x_wconf 88' lang='lat' dir='ltr'><strong>Coui.</strong></span> <span class='ocrx_word' id='word_1_326' title='bbox 188 4104 285 4160; x_wconf 79' lang='lat' dir='ltr'><strong>antem,</strong></span> <span class='ocrx_word' id='word_1_327' title='bbox 302 4115 364 4162; x_wconf 87' lang='lat' dir='ltr'><strong>quae</strong></span> <span class='ocrx_word' id='word_1_328' title='bbox 377 4099 640 4162; x_wconf 87' lang='lat' dir='ltr'><strong>tuminterponisolet,</strong></span> <span class='ocrx_word' id='word_1_329' title='bbox 689 4099 833 4150; x_wconf 84' lang='lat' dir='ltr'><strong>inculcavit.</strong></span> <span class='ocrx_word' id='word_1_330' title='bbox 874 4105 931 4150; x_wconf 91' lang='lat' dir='ltr'><strong>Non</strong></span> <span class='ocrx_word' id='word_1_331' title='bbox 958 4103 1016 4150; x_wconf 85' lang='lat' dir='ltr'><strong>satis</strong></span> <span class='ocrx_word' id='word_1_332' title='bbox 1040 4108 1094 4151; x_wconf 84' lang='lat' dir='ltr'><strong>erat</strong></span> <span class='ocrx_word' id='word_1_333' title='bbox 1111 4116 1227 4163; x_wconf 78' lang='lat' dir='ltr'><strong>ruperam</strong></span> 
     </span>
     <span class='ocr_line' id='line_1_39' title="bbox 105 4177 1228 4244; baseline -0.002 -13"><span class='ocrx_word' id='word_1_334' title='bbox 105 4199 178 4244; x_wconf 87' lang='lat' dir='ltr'><strong>quum</strong></span> <span class='ocrx_word' id='word_1_335' title='bbox 198 4183 224 4230; x_wconf 86' lang='lat' dir='ltr'><strong>iu</strong></span> <span class='ocrx_word' id='word_1_336' title='bbox 244 4177 459 4243; x_wconf 78' lang='lat' dir='ltr'><strong>argumentdtione</strong></span> <span class='ocrx_word' id='word_1_337' title='bbox 476 4193 569 4228; x_wconf 88' lang='lat' dir='ltr'><strong>novum</strong></span> <span class='ocrx_word' id='word_1_338' title='bbox 582 4179 641 4240; x_wconf 90' lang='lat' dir='ltr'><strong>quid</strong></span> <span class='ocrx_word' id='word_1_339' title='bbox 690 4194 757 4227; x_wconf 88' lang='lat' dir='ltr'><strong>mare</strong></span> <span class='ocrx_word' id='word_1_340' title='bbox 770 4181 906 4241; x_wconf 84' lang='lat' dir='ltr'><strong>appellare,</strong></span> <span class='ocrx_word' id='word_1_341' title='bbox 921 4181 1037 4242; x_wconf 88' lang='lat' dir='ltr'><strong>additque</strong></span> <span class='ocrx_word' id='word_1_342' title='bbox 1045 4179 1150 4238; x_wconf 81' lang='lat' dir='ltr'><strong>lonium,</strong></span> <span class='ocrx_word' id='word_1_343' title='bbox 1159 4182 1228 4241; x_wconf 86' lang='lat' dir='ltr'><strong>quasi</strong></span> 
     </span>
     <span class='ocr_line' id='line_1_40' title="bbox 104 4257 1228 4323; baseline -0.003 -14"><span class='ocrx_word' id='word_1_344' title='bbox 104 4261 261 4323; x_wconf 85' lang='lat' dir='ltr'><strong>proponitur,</strong></span> <span class='ocrx_word' id='word_1_345' title='bbox 283 4259 350 4306; x_wconf 90' lang='lat' dir='ltr'><strong>unde</strong></span> <span class='ocrx_word' id='word_1_346' title='bbox 371 4257 430 4318; x_wconf 87' lang='lat' dir='ltr'><strong>quid</strong></span> <span class='ocrx_word' id='word_1_347' title='bbox 449 4262 566 4319; x_wconf 87' lang='lat' dir='ltr'><strong>sequatur</strong></span> <span class='ocrx_word' id='word_1_348' title='bbox 586 4262 642 4318; x_wconf 91' lang='lat' dir='ltr'><strong>post</strong></span> <span class='ocrx_word' id='word_1_349' title='bbox 690 4273 741 4306; x_wconf 89' lang='lat' dir='ltr'><strong>nou</strong></span> <span class='ocrx_word' id='word_1_350' title='bbox 755 4259 852 4307; x_wconf 83' lang='lat' dir='ltr'><strong>diversa</strong></span> <span class='ocrx_word' id='word_1_351' title='bbox 864 4261 912 4307; x_wconf 86' lang='lat' dir='ltr'><strong>ista</strong></span> <span class='ocrx_word' id='word_1_352' title='bbox 924 4266 1015 4308; x_wconf 85' lang='lat' dir='ltr'><strong>essent.</strong></span> <span class='ocrx_word' id='word_1_353' title='bbox 1037 4259 1104 4318; x_wconf 82' lang='lat' dir='ltr'><strong>Quid</strong></span> <span class='ocrx_word' id='word_1_354' title='bbox 1116 4259 1147 4308; x_wconf 89' lang='lat' dir='ltr'><strong>sit</strong></span> <span class='ocrx_word' id='word_1_355' title='bbox 1160 4273 1228 4306; x_wconf 89' lang='lat' dir='ltr'><strong>mare</strong></span> 
     </span>
     <span class='ocr_line' id='line_1_41' title="bbox 105 4336 1227 4398; baseline -0.001 -12"><span class='ocrx_word' id='word_1_356' title='bbox 105 4340 204 4396; x_wconf 83' lang='lat' dir='ltr'><strong>dicitnr,</strong></span> <span class='ocrx_word' id='word_1_357' title='bbox 218 4339 244 4385; x_wconf 92' lang='lat' dir='ltr'><strong>in</strong></span> <span class='ocrx_word' id='word_1_358' title='bbox 260 4337 307 4385; x_wconf 84' lang='lat' dir='ltr'><strong>hac</strong></span> <span class='ocrx_word' id='word_1_359' title='bbox 320 4336 480 4385; x_wconf 87' lang='lat' dir='ltr'><strong>conclusione</strong></span> <span class='ocrx_word' id='word_1_360' title='bbox 493 4339 577 4384; x_wconf 89' lang='lat' dir='ltr'><strong>locum</strong></span> <span class='ocrx_word' id='word_1_361' title='bbox 591 4351 641 4384; x_wconf 90' lang='lat' dir='ltr'><strong>nou</strong></span> <span class='ocrx_word' id='word_1_362' title='bbox 692 4337 814 4385; x_wconf 85' lang='lat' dir='ltr'><strong>Graecam</strong></span> <span class='ocrx_word' id='word_1_363' title='bbox 835 4338 968 4398; x_wconf 79' lang='lat' dir='ltr'><strong>quoddam,</strong></span> <span class='ocrx_word' id='word_1_364' title='bbox 989 4343 1014 4386; x_wconf 87' lang='lat' dir='ltr'><strong>et</strong></span> <span class='ocrx_word' id='word_1_365' title='bbox 1034 4337 1093 4398; x_wconf 90' lang='lat' dir='ltr'><strong>quid</strong></span> <span class='ocrx_word' id='word_1_366' title='bbox 1109 4338 1135 4385; x_wconf 92' lang='lat' dir='ltr'><strong>in</strong></span> <span class='ocrx_word' id='word_1_367' title='bbox 1148 4340 1227 4386; x_wconf 86' lang='lat' dir='ltr'><strong>altero</strong></span> 
     </span>
     <span class='ocr_line' id='line_1_42' title="bbox 105 4413 1227 4478; baseline -0.002 -12"><span class='ocrx_word' id='word_1_368' title='bbox 105 4431 164 4466; x_wconf 85' lang='lat' dir='ltr'><strong>esse.</strong></span> <span class='ocrx_word' id='word_1_369' title='bbox 205 4415 311 4476; x_wconf 87' lang='lat' dir='ltr'><strong>Reliqua</strong></span> <span class='ocrx_word' id='word_1_370' title='bbox 338 4414 421 4462; x_wconf 87' lang='lat' dir='ltr'><strong>omnia</strong></span> <span class='ocrx_word' id='word_1_371' title='bbox 444 4413 524 4463; x_wconf 79' lang='lat' dir='ltr'><strong>aueo</strong></span> <span class='ocrx_word' id='word_1_372' title='bbox 545 4415 641 4464; x_wconf 84' lang='lat' dir='ltr'><strong>adiecta</strong></span> <span class='ocrx_word' id='word_1_373' title='bbox 689 4418 834 4474; x_wconf 75' lang='lat' dir='ltr'><strong>barbariam,</strong></span> <span class='ocrx_word' id='word_1_374' title='bbox 852 4417 960 4477; x_wconf 87' lang='lat' dir='ltr'><strong>quidque</strong></span> <span class='ocrx_word' id='word_1_375' title='bbox 974 4416 1227 4478; x_wconf 85' lang='lat' dir='ltr'><strong>haecpertineantad</strong></span> 
     </span>
     <span class='ocr_line' id='line_1_43' title="bbox 104 4493 1227 4556; baseline 0 -14"><span class='ocrx_word' id='word_1_376' title='bbox 104 4499 174 4552; x_wconf 88' lang='lat' dir='ltr'><strong>sunt,</strong></span> <span class='ocrx_word' id='word_1_377' title='bbox 196 4495 253 4556; x_wconf 88' lang='lat' dir='ltr'><strong>qui,</strong></span> <span class='ocrx_word' id='word_1_378' title='bbox 268 4493 456 4554; x_wconf 66' lang='lat' dir='ltr'><strong>quindenae,</strong></span> <span class='ocrx_word' id='word_1_379' title='bbox 472 4493 641 4542; x_wconf 84' lang='lat' dir='ltr'><strong>nelevissime</strong></span> <span class='ocrx_word' id='word_1_380' title='bbox 689 4493 821 4542; x_wconf 87' lang='lat' dir='ltr'><strong>discrimen</strong></span> <span class='ocrx_word' id='word_1_381' title='bbox 829 4494 1015 4552; x_wconf 87' lang='lat' dir='ltr'><strong>declarandum,</strong></span> <span class='ocrx_word' id='word_1_382' title='bbox 1027 4494 1163 4555; x_wconf 85' lang='lat' dir='ltr'><strong>qnpdinter</strong></span> <span class='ocrx_word' id='word_1_383' title='bbox 1170 4495 1227 4556; x_wconf 91' lang='lat' dir='ltr'><strong>phi·</strong></span> 
     </span>
     <span class='ocr_line' id='line_1_44' title="bbox 105 4569 1226 4635; baseline 0.001 -16"><span class='ocrx_word' id='word_1_384' title='bbox 105 4573 202 4632; x_wconf 86' lang='lat' dir='ltr'><strong>quidem</strong></span> <span class='ocrx_word' id='word_1_385' title='bbox 230 4570 349 4634; x_wconf 84' lang='lat' dir='ltr'><strong>suspicari</strong></span> <span class='ocrx_word' id='word_1_386' title='bbox 376 4571 464 4632; x_wconf 89' lang='lat' dir='ltr'><strong>potuit.</strong></span> <span class='ocrx_word' id='word_1_387' title='bbox 501 4569 641 4631; x_wconf 70' lang='lat' dir='ltr'><strong>Philosophi</strong></span> <span class='ocrx_word' id='word_1_388' title='bbox 690 4573 806 4633; x_wconf 87' lang='lat' dir='ltr'><strong>losephos</strong></span> <span class='ocrx_word' id='word_1_389' title='bbox 821 4578 846 4620; x_wconf 91' lang='lat' dir='ltr'><strong>et</strong></span> <span class='ocrx_word' id='word_1_390' title='bbox 859 4578 968 4621; x_wconf 87' lang='lat' dir='ltr'><strong>oratores</strong></span> <span class='ocrx_word' id='word_1_391' title='bbox 982 4578 1057 4629; x_wconf 83' lang='lat' dir='ltr'><strong>esset,</strong></span> <span class='ocrx_word' id='word_1_392' title='bbox 1072 4573 1226 4635; x_wconf 75' lang='lat' dir='ltr'><strong>vinoperam</strong></span> 
     </span>
    </p>
   </div>
   <div class='ocr_carea' id='block_1_5' title="bbox 0 0 1626 5500">
    <p class='ocr_par' dir='ltr' id='par_1_5' title="bbox 0 0 1626 5500">
     <span class='ocr_line' id='line_1_45' title="bbox 0 0 1626 5500; baseline 0 0"><span class='ocrx_word' id='word_1_393' title='bbox 0 0 1626 5500; x_wconf 95' lang='lat' dir='ltr'><strong> </strong></span> 
     </span>
    </p>
   </div>
  </div>
 </body>
</html>
