3242 5500
504 529 618 582 emme
644 515 828 606 rnruust
852 514 910 584 88.
1221 513 1268 584 39

146 704 295 778 nabetur
329 703 509 780 refellere:
548 705 749 779 memoriter
784 705 880 778 enim
902 705 1013 779 multa
1037 729 1080 776 ex
1102 704 1266 777 orationi·

144 815 212 888 bus
235 815 486 888 Demosthenis
509 814 684 911 praeclare
708 816 837 912 scripta
860 814 1092 913 pronuntians
1112 813 1265 901 dicebat,

143 926 245 998 illum
286 921 338 1021 [in
376 925 502 999 animis
539 925 594 998 vel
629 925 786 1000 iudicum
822 928 877 1000 vel
913 925 1035 1023 populi
1064 925 1102 996 in
1126 948 1266 996 omnem

144 1043 280 1131 partem
328 1034 477 1109 dicendo
525 1032 786 1132 permovendis]
827 1061 899 1110 non
934 1036 1042 1109 fuisse
1078 1035 1264 1131 ignarum,

143 1145 273 1241 quibus
310 1143 479 1218 corebus
503 1155 799 1241 consequeretur,
825 1171 916 1242 quae
939 1152 1083 1243 negaret
1106 1143 1166 1218 ille
1190 1144 1266 1216 sine

143 1254 364 1352 philosophie
387 1279 600 1351 quemquem
624 1279 726 1328 nosse
751 1281 864 1352 posse.

192 1364 288 1438 Huic
319 1364 575 1460 respondebat,
601 1389 672 1438 non
694 1391 730 1438 se
743 1390 873 1461 negare
881 1363 1158 1438 Demosthenem
1171 1388 1265 1437 sum·
1293 1367 1339 1436 20

142 1499 236 1548 mam
268 1474 492 1571 prudentiam
522 1499 767 1572 summamque
799 1478 872 1548 vim
906 1475 1070 1548 habuisse
1105 1474 1264 1547 dicendi:
1310 1482 1340 1527 ⁸⁹

142 1585 220 1671 sed,
246 1585 317 1658 sive
336 1584 396 1674 ille
417 1585 482 1658 hoe
504 1585 648 1680 ingenio
668 1586 863 1681 potuisset,
890 1585 984 1672 sive,
1010 1585 1048 1658 id
1069 1584 1165 1680 quod
1183 1608 1265 1656 con-

141 1703 270 1782 staret,
297 1694 456 1768 Platonis
477 1695 656 1768 studiosus
678 1696 845 1769 audiendi
858 1696 1003 1782 fuisset,
1028 1693 1266 1790 nonquidille

139 1805 332 1902 potuisset,
370 1805 432 1878 sed
466 1804 553 1901 quid
588 1805 647 1878 isti
682 1805 869 1892 docerent,
907 1829 982 1878 esse
1013 1803 1263 1899 quaerendum.

139 1915 251 2010 Saepe
286 1915 391 1988 etiam
429 1915 466 1987 in
506 1938 582 1988 earn
618 1923 754 2012 partem
791 1915 970 1990 ferebatur
1003 1915 1182 2000 oratioue,
1226 1922 1266 1986 ut
1308 1933 1338 1977 90

137 2025 282 2097 omnino
313 2025 526 2122 disputaret,
564 2024 699 2098 nullam
729 2033 840 2098 artem
867 2050 943 2099 esse
962 2025 1122 2098 dicendi:
1159 2023 1266 2119 idque

138 2159 250 2231 quum
275 2135 493 2232 argumentis
518 2135 706 2222 docuerat,
733 2136 829 2231 quod
849 2136 899 2209 ita
924 2135 999 2208 uati
1020 2158 1199 2221 essemuS,
1224 2141 1265 2207 ut

138 2253 173 2318 et
201 2244 356 2318 blandiri
388 2253 423 2318 et
454 2245 659 2342 suppliciter
684 2245 864 2319 insinuare
886 2246 952 2332 iis,
979 2243 1151 2339 equibus
1173 2251 1265 2316 esset

137 2354 354 2450 petendum,
391 2363 426 2428 et
457 2355 669 2428 adversarios
701 2356 885 2430 minaciter
912 2363 1040 2428 terrere
1059 2378 1262 2450 possemus,

137 2473 171 2536 et
200 2489 277 2537 rem
309 2473 444 2562 gestam
477 2489 672 2561 exponere,
711 2473 746 2540 et
779 2465 840 2552 id,
866 2465 962 2561 quod
979 2465 1262 2550 intenderemus,

136 2575 359 2662 confirmare,
389 2570 441 2671 [et
463 2571 517 2671 id]
535 2575 630 2671 quod
641 2583 762 2650 contra
773 2576 957 2661 diceretur,
978 2574 1147 2661 refellere,
1171 2573 1263 2646 etad

137 2692 334 2759 extremum
352 2684 530 2783 deprecari
546 2684 681 2782 aliquid
699 2693 734 2761 et
751 2686 938 2783 conqueri,-
957 2684 1087 2781 quibus
1103 2684 1141 2757 iu
1158 2681 1262 2757 rebus

137 2796 252 2869 omnis
288 2796 433 2869 oratoris
463 2803 659 2869 versaretur
686 2797 855 2872 facultas:
883 2804 919 2869 et
935 2795 1030 2892 quod
1046 2794 1262 2869 consuetudo
1314 2859 1317 2865 .

137 2905 410 3003 exercitatioque
447 2914 482 2979 et
513 2906 737 3003 intelligendi
771 2905 995 3004 prudentiam
1028 2913 1188 2991 acueret,
1226 2911 1262 2976 et

135 3062 184 3070 -ὴ

134 3154 203 3199 mox,
227 3144 240 3197 ξ
262 3140 303 3197 90,
323 3144 391 3188 recte
411 3141 564 3200 ornamentis
579 3142 674 3189 docere.
725 3140 755 3189 de
776 3138 946 3189 Demosthene
963 3137 1063 3187 traditio
1081 3135 1261 3199 quamiucerte

169 3221 208 3282 [in
222 3219 558 3281 animis-permovendo}
584 3219 674 3268 Vitiata
723 3220 771 3267 fide
791 3218 924 3274 niteretur,
949 3215 1057 3278 explicui
1074 3216 1100 3263 in
1114 3215 1180 3265 Bibl.
1198 3217 1259 3266 Crit.

135 3298 257 3358 syntaxis¹
280 3302 308 3346 ut
328 3297 423 3346 dicetur
443 3297 497 3359 quis
512 3313 559 3346 noe
572 3299 674 3362 ipaarua
723 3300 754 3345 N.
769 3300 800 3345 V.
815 3313 840 3359 p.
857 3300 917 3355 188,
932 3310 985 3357 sqq.

135 3378 161 3425 ie
173 3376 264 3425 colmie
273 3376 460 3436 permovendis.-
475 3391 507 3425 ne
518 3376 567 3426 hoc
573 3375 673 3438 quidem
756 3376 796 3425 90.
815 3377 941 3424 docuerat.
959 3374 1017 3423 Sine
1031 3373 1082 3420 ulle
1093 3374 1260 3422 controversia

135 3453 237 3503 defendi
249 3458 345 3516 potest,
360 3458 389 3503 ut
400 3454 444 3503 illa
456 3455 611 3517 explicentur
623 3456 672 3514 sic,
722 3453 783 3504 vitio
794 3454 895 3518 ponitur
901 3454 953 3501 h.l.
978 3450 1176 3513 Pluequamperf.
1190 3452 1259 3499 Indi·

135 3548 208 3595 quum
228 3535 323 3581 animos
333 3536 497 3595 permoveret.
531 3536 620 3585 Totum
633 3535 671 3583 in·
721 3534 795 3583 cetivi
814 3533 961 3581 mutandum
980 3531 1007 3578 in
1020 3530 1133 3587 docebat,
1146 3531 1260 3580 utmodo

134 3613 236 3663 eititium
262 3612 324 3660 mihi
346 3612 457 3671 videtur,
479 3617 504 3661 et
523 3627 671 3675 supervaca-
721 3618 774 3661 eret
796 3611 973 3671 respondebat,
999 3622 1058 3657 mox
1075 3608 1214 3667 nitemur,
1235 3613 1260 3657 et

40 3749 43 3757 ¹
133 3705 207 3740 neum
222 3696 249 3740 et
260 3691 388 3753 ineptum,
406 3691 540 3754 siquidem,
553 3692 621 3754 quod
634 3692 671 3740 di·
720 3690 826 3741 dicebat.
861 3688 941 3742 Quam
959 3688 994 3737 ita
1012 3687 1123 3751 iungitur
1141 3700 1198 3735 curn
1214 3687 1259 3737 ille

134 3771 243 3819 cendum
262 3774 330 3830 eret,
352 3770 402 3831 sic,
422 3774 449 3819 ut
463 3771 549 3831 decet,
563 3770 671 3821 breviter
721 3767 876 3831 rrumpere,
890 3767 911 3816 ei
923 3767 950 3815 id
961 3767 1028 3829 quod
1039 3764 1166 3815 subiicitur
1177 3766 1259 3816 statim

133 3848 274 3908 subiicitur,
290 3850 377 3911 quibus
390 3864 419 3898 ea
432 3852 504 3899 retae
514 3862 671 3913 consequere·
720 3853 776 3911 post
795 3847 890 3897 factum
909 3859 963 3895 esse
982 3845 1084 3904 dicitur,
1099 3844 1200 3893 ethaeo
1214 3846 1257 3893 de·

134 3930 187 3986 ter,
203 3942 320 3991 quae—.
720 3942 788 3976 mum
800 3924 918 3989 primerio
928 3924 1051 3973 sententie
1063 3928 1115 3982 est,
1129 3929 1159 3972 ut
1170 3924 1256 3983 iubis,

165 4008 206 4055 89.
225 4008 283 4055 heio
297 4008 465 4067 respondebat.
484 4009 580 4070 Nempe
592 4007 670 4056 Char·
720 4008 779 4055 haee
792 4020 866 4068 quum
880 4005 994 4061 diceret,
1008 4002 1078 4051 abiit.
1113 4004 1257 4061 Praeterea,

133 4086 225 4135 medas.
262 4085 311 4134 Sed
332 4098 405 4149 aegre
423 4100 496 4135 careo
509 4086 612 4136 subiecti
625 4100 670 4135 vo·
718 4086 745 4133 id
764 4085 832 4147 quod
849 4082 977 4132 subiicitur
994 4081 1031 4128 illi
1051 4082 1170 4130 demeret
1185 4081 1257 4130 nimie

133 4162 237 4223 cabulo,
260 4168 285 4212 et
305 4164 430 4226 suspicor,
451 4166 508 4215 huie
527 4170 670 4227 corruptum
719 4167 795 4227 longo
808 4162 941 4211 intervallo
953 4166 1076 4210 remotum
1089 4163 1135 4208 est.

132 4256 183 4293 esse
203 4256 236 4291 ex
254 4244 294 4291 eui
311 4244 359 4291 lte.
752 4243 832 4291 omnia
849 4241 958 4289 oratoris
977 4241 1119 4289 moeretur
1131 4238 1256 4299 saereltae.

165 4322 384 4382 eoo—potuum.
399 4323 451 4371 Le.
460 4321 670 4384 perfectnmillam
720 4323 757 4371 Ex
770 4319 878 4369 Vindob.
893 4318 991 4380 suscepi
1004 4318 1126 4375 oratoris,
1144 4318 1255 4378 quosin-

132 4400 434 4462 eloqnentiemassecutus
447 4406 519 4451 esset.
554 4401 671 4450 Posseite
720 4400 800 4465 guleri
820 4398 940 4449 utendum
960 4402 1014 4445 eret
1033 4396 1059 4444 in
1071 4396 1181 4459 generali
1194 4396 1255 4443 defi·

132 4478 245 4528 absolute
258 4479 290 4527 de
303 4478 421 4529 facultate
434 4480 532 4529 dicitur.
719 4479 826 4529 uitione:
848 4476 957 4541 plurium
976 4478 1102 4524 oratorum
1122 4475 1192 4525 nulla
1204 4479 1257 4523 erat

165 4557 280 4607 Platonis
298 4558 422 4608 studioses
441 4560 566 4608 audiendi.
602 4560 670 4607 Haec
714 4558 839 4620 facultas.
