<?xml version="1.0" encoding="UTF-8"?>
<!DOCTYPE html PUBLIC "-//W3C//DTD XHTML 1.0 Transitional//EN"
    "http://www.w3.org/TR/xhtml1/DTD/xhtml1-transitional.dtd">
<html xmlns="http://www.w3.org/1999/xhtml" xml:lang="en" lang="en">
 <head>
  <title>
</title>
<meta http-equiv="Content-Type" content="text/html;charset=utf-8" />
  <meta name='ocr-system' content='tesseract 3.04.00' />
  <meta name='ocr-capabilities' content='ocr_page ocr_carea ocr_par ocr_line ocrx_word'/>
</head>
<body>
  <div class='ocr_page' id='page_1' title='image "./mtulliiciceroni01bakegoog_0064.png"; bbox 0 0 3242 5500; ppageno 0'>
   <div class='ocr_carea' id='block_1_1' title="bbox 651 750 743 798">
    <p class='ocr_par' dir='ltr' id='par_1_1' title="bbox 651 750 743 798">
     <span class='ocr_line' id='line_1_1' title="bbox 651 750 743 798; baseline 0.022 -2"><span class='ocrx_word' id='word_1_1' title='bbox 651 750 743 798; x_wconf 79' lang='lat'>102</span> 
     </span>
    </p>
   </div>
   <div class='ocr_carea' id='block_1_2' title="bbox 645 1831 737 1877">
    <p class='ocr_par' dir='ltr' id='par_1_2' title="bbox 645 1831 737 1877">
     <span class='ocr_line' id='line_1_2' title="bbox 645 1831 737 1877; baseline 0.011 -1"><span class='ocrx_word' id='word_1_2' title='bbox 645 1831 737 1877; x_wconf 84' lang='lat'>103</span> 
     </span>
    </p>
   </div>
   <div class='ocr_carea' id='block_1_3' title="bbox 637 2703 730 2751">
    <p class='ocr_par' dir='ltr' id='par_1_3' title="bbox 637 2703 730 2751">
     <span class='ocr_line' id='line_1_3' title="bbox 637 2703 730 2751; baseline 0 0"><span class='ocrx_word' id='word_1_3' title='bbox 637 2703 730 2751; x_wconf 82' lang='lat'>104.-</span> 
     </span>
    </p>
   </div>
   <div class='ocr_carea' id='block_1_4' title="bbox 777 527 3045 3009">
    <p class='ocr_par' dir='ltr' id='par_1_4' title="bbox 794 527 2344 610">
     <span class='ocr_line' id='line_1_4' title="bbox 794 527 2344 610; baseline 0.001 -15"><span class='ocrx_word' id='word_1_4' title='bbox 794 528 891 596; x_wconf 81' lang='lat'>44</span> <span class='ocrx_word' id='word_1_5' title='bbox 1483 545 1713 596; x_wconf 76' lang='lat' dir='ltr'>LIBER</span> <span class='ocrx_word' id='word_1_6' title='bbox 1764 546 2041 596; x_wconf 70' lang='lat' dir='ltr'>ramus</span> <span class='ocrx_word' id='word_1_7' title='bbox 2092 527 2129 610; x_wconf 82' lang='lat'>§</span> <span class='ocrx_word' id='word_1_8' title='bbox 2182 527 2344 597; x_wconf 91' lang='grc'><strong>101.</strong></span> 
     </span>
    </p>

    <p class='ocr_par' dir='ltr' id='par_1_5' title="bbox 777 717 3045 3009">
     <span class='ocr_line' id='line_1_5' title="bbox 793 717 3042 818; baseline 0.001 -27"><span class='ocrx_word' id='word_1_9' title='bbox 793 727 1020 793; x_wconf 91' lang='lat' dir='ltr'>vestro</span> <span class='ocrx_word' id='word_1_10' title='bbox 1080 719 1424 793; x_wconf 88' lang='lat' dir='ltr'>arbitratu</span> <span class='ocrx_word' id='word_1_11' title='bbox 1481 717 2057 816; x_wconf 80' lang='lat' dir='ltr'>percunctemini.</span> <span class='ocrx_word' id='word_1_12' title='bbox 2161 717 2401 815; x_wconf 85' lang='lat' dir='ltr'><strong>Atque</strong></span> <span class='ocrx_word' id='word_1_13' title='bbox 2428 777 2447 806; x_wconf 93' lang='lat'>‚</span> <span class='ocrx_word' id='word_1_14' title='bbox 2511 717 2745 814; x_wconf 91' lang='lat' dir='ltr'>inquit</span> <span class='ocrx_word' id='word_1_15' title='bbox 2805 721 3042 818; x_wconf 86' lang='lat' dir='ltr'>Sulpi-</span> 
     </span>
     <span class='ocr_line' id='line_1_6' title="bbox 792 827 3041 924; baseline 0.001 -22"><span class='ocrx_word' id='word_1_16' title='bbox 792 831 940 902; x_wconf 89' lang='lat' dir='ltr'>cius</span> <span class='ocrx_word' id='word_1_17' title='bbox 967 889 984 916; x_wconf 95' lang='lat'>,</span> <span class='ocrx_word' id='word_1_18' title='bbox 1058 828 1190 903; x_wconf 90' lang='lat' dir='ltr'>hoc</span> <span class='ocrx_word' id='word_1_19' title='bbox 1258 829 1566 924; x_wconf 91' lang='lat' dir='ltr'>primum</span> <span class='ocrx_word' id='word_1_20' title='bbox 1629 854 1714 900; x_wconf 88' lang='lat' dir='ltr'>ex</span> <span class='ocrx_word' id='word_1_21' title='bbox 1763 836 1833 900; x_wconf 92' lang='lat' dir='ltr'>te</span> <span class='ocrx_word' id='word_1_22' title='bbox 1858 887 1877 914; x_wconf 95' lang='lat'>‚</span> <span class='ocrx_word' id='word_1_23' title='bbox 1931 827 2018 900; x_wconf 94' lang='lat' dir='ltr'>de</span> <span class='ocrx_word' id='word_1_24' title='bbox 2067 853 2208 924; x_wconf 91' lang='lat' dir='ltr'>quo</span> <span class='ocrx_word' id='word_1_25' title='bbox 2257 828 2466 900; x_wconf 93' lang='lat' dir='ltr'>modo</span> <span class='ocrx_word' id='word_1_26' title='bbox 2514 827 2870 903; x_wconf 85' lang='lat' dir='ltr'>Antonius</span> <span class='ocrx_word' id='word_1_27' title='bbox 2922 857 3041 905; x_wconf 84' lang='lat' dir='ltr'>ex-</span> 
     </span>
     <span class='ocr_line' id='line_1_7' title="bbox 793 937 3043 1035; baseline 0.001 -24"><span class='ocrx_word' id='word_1_28' title='bbox 793 940 1028 1034; x_wconf 82' lang='lat' dir='ltr'>posuit</span> <span class='ocrx_word' id='word_1_29' title='bbox 1057 998 1075 1026; x_wconf 91' lang='lat'>,</span> <span class='ocrx_word' id='word_1_30' title='bbox 1157 939 1330 1035; x_wconf 91' lang='lat' dir='ltr'>quid</span> <span class='ocrx_word' id='word_1_31' title='bbox 1399 939 1659 1011; x_wconf 89' lang='lat' dir='ltr'>sentias</span> <span class='ocrx_word' id='word_1_32' title='bbox 1689 995 1708 1024; x_wconf 95' lang='lat'>‚</span> <span class='ocrx_word' id='word_1_33' title='bbox 1782 937 2182 1034; x_wconf 83' lang='lat' dir='ltr'>quaerimus</span> <span class='ocrx_word' id='word_1_34' title='bbox 2212 997 2230 1023; x_wconf 94' lang='lat'>,</span> <span class='ocrx_word' id='word_1_35' title='bbox 2305 937 2752 1011; x_wconf 82' lang='lat' dir='ltr'>existimesne</span> <span class='ocrx_word' id='word_1_36' title='bbox 2820 949 3043 1014; x_wconf 89' lang='lat' dir='ltr'>artem</span> 
     </span>
     <span class='ocr_line' id='line_1_8' title="bbox 791 1046 3043 1147; baseline 0.001 -26"><span class='ocrx_word' id='word_1_37' title='bbox 791 1048 1098 1143; x_wconf 87' lang='lat' dir='ltr'>aliquam</span> <span class='ocrx_word' id='word_1_38' title='bbox 1169 1073 1318 1121; x_wconf 92' lang='lat' dir='ltr'>esse</span> <span class='ocrx_word' id='word_1_39' title='bbox 1389 1047 1692 1120; x_wconf 90' lang='lat' dir='ltr'>dicendi.</span> <span class='ocrx_word' id='word_1_40' title='bbox 1800 1047 2057 1124; x_wconf 79' lang='lat' dir='ltr'>Quid?</span> <span class='ocrx_word' id='word_1_41' title='bbox 2127 1046 2301 1120; x_wconf 94' lang='lat' dir='ltr'>mihi</span> <span class='ocrx_word' id='word_1_42' title='bbox 2359 1071 2550 1120; x_wconf 85' lang='lat' dir='ltr'>nune</span> <span class='ocrx_word' id='word_1_43' title='bbox 2596 1073 2755 1134; x_wconf 87' lang='lat' dir='ltr'>VOS,</span> <span class='ocrx_word' id='word_1_44' title='bbox 2809 1049 3043 1147; x_wconf 91' lang='lat' dir='ltr'>inquit</span> 
     </span>
     <span class='ocr_line' id='line_1_9' title="bbox 793 1157 3039 1255; baseline 0.001 -26"><span class='ocrx_word' id='word_1_45' title='bbox 793 1158 1085 1231; x_wconf 85' lang='lat' dir='ltr'>Crassus</span> <span class='ocrx_word' id='word_1_46' title='bbox 1114 1217 1133 1243; x_wconf 88' lang='lat'>‚</span> <span class='ocrx_word' id='word_1_47' title='bbox 1207 1166 1568 1253; x_wconf 82' lang='lat' dir='ltr'>tamquam</span> <span class='ocrx_word' id='word_1_48' title='bbox 1638 1157 1849 1230; x_wconf 87' lang='lat' dir='ltr'>alicui</span> <span class='ocrx_word' id='word_1_49' title='bbox 1924 1157 2265 1230; x_wconf 80' lang='lat' dir='ltr'>Graeculo</span> <span class='ocrx_word' id='word_1_50' title='bbox 2331 1159 2552 1230; x_wconf 89' lang='lat' dir='ltr'>otioso</span> <span class='ocrx_word' id='word_1_51' title='bbox 2602 1168 2671 1230; x_wconf 92' lang='lat' dir='ltr'>et</span> <span class='ocrx_word' id='word_1_52' title='bbox 2716 1158 3039 1255; x_wconf 89' lang='lat' dir='ltr'>loquaci,</span> 
     </span>
     <span class='ocr_line' id='line_1_10' title="bbox 790 1266 3042 1362; baseline 0.001 -23"><span class='ocrx_word' id='word_1_53' title='bbox 790 1276 860 1340; x_wconf 91' lang='lat' dir='ltr'>et</span> <span class='ocrx_word' id='word_1_54' title='bbox 927 1267 1218 1340; x_wconf 86' lang='lat' dir='ltr'>fortasse</span> <span class='ocrx_word' id='word_1_55' title='bbox 1288 1267 1492 1340; x_wconf 87' lang='lat' dir='ltr'>docto</span> <span class='ocrx_word' id='word_1_56' title='bbox 1560 1275 1772 1362; x_wconf 87' lang='lat' dir='ltr'>atque</span> <span class='ocrx_word' id='word_1_57' title='bbox 1841 1266 2115 1339; x_wconf 90' lang='lat' dir='ltr'>erudito</span> <span class='ocrx_word' id='word_1_58' title='bbox 2144 1325 2162 1352; x_wconf 94' lang='lat'>,</span> <span class='ocrx_word' id='word_1_59' title='bbox 2226 1267 2831 1362; x_wconf 82' lang='lat' dir='ltr'>quaestiunculam</span> <span class='ocrx_word' id='word_1_60' title='bbox 2860 1328 2878 1355; x_wconf 92' lang='lat'>,</span> <span class='ocrx_word' id='word_1_61' title='bbox 2954 1270 3042 1341; x_wconf 92' lang='lat' dir='ltr'>de</span> 
     </span>
     <span class='ocr_line' id='line_1_11' title="bbox 788 1375 3042 1472; baseline 0.001 -24"><span class='ocrx_word' id='word_1_62' title='bbox 788 1402 926 1472; x_wconf 89' lang='lat' dir='ltr'>qua</span> <span class='ocrx_word' id='word_1_63' title='bbox 977 1401 1134 1449; x_wconf 95' lang='lat' dir='ltr'>meo</span> <span class='ocrx_word' id='word_1_64' title='bbox 1183 1375 1526 1450; x_wconf 86' lang='lat' dir='ltr'>arbitratu</span> <span class='ocrx_word' id='word_1_65' title='bbox 1575 1376 1821 1472; x_wconf 88' lang='lat' dir='ltr'>loquar</span> <span class='ocrx_word' id='word_1_66' title='bbox 1847 1433 1866 1462; x_wconf 87' lang='lat'>‚</span> <span class='ocrx_word' id='word_1_67' title='bbox 1919 1376 2243 1470; x_wconf 81' lang='lat' dir='ltr'>ponitis?</span> <span class='ocrx_word' id='word_1_68' title='bbox 2346 1375 2650 1452; x_wconf 83' lang='lat' dir='ltr'>Quando</span> <span class='ocrx_word' id='word_1_69' title='bbox 2700 1377 2890 1450; x_wconf 90' lang='lat' dir='ltr'>enim</span> <span class='ocrx_word' id='word_1_70' title='bbox 2928 1404 3042 1450; x_wconf 90' lang='lat' dir='ltr'>me</span> 
     </span>
     <span class='ocr_line' id='line_1_12' title="bbox 785 1484 3045 1584; baseline 0 -24"><span class='ocrx_word' id='word_1_71' title='bbox 785 1489 921 1579; x_wconf 81' lang='lat' dir='ltr'>ista</span> <span class='ocrx_word' id='word_1_72' title='bbox 985 1511 1263 1560; x_wconf 84' lang='lat' dir='ltr'>curasse</span> <span class='ocrx_word' id='word_1_73' title='bbox 1322 1493 1444 1558; x_wconf 90' lang='lat' dir='ltr'>aut</span> <span class='ocrx_word' id='word_1_74' title='bbox 1503 1485 1848 1580; x_wconf 82' lang='lat' dir='ltr'>cogitasse</span> <span class='ocrx_word' id='word_1_75' title='bbox 1906 1484 2390 1572; x_wconf 89' lang='lat' dir='ltr'>arbitramini,</span> <span class='ocrx_word' id='word_1_76' title='bbox 2455 1493 2524 1558; x_wconf 92' lang='lat' dir='ltr'>et</span> <span class='ocrx_word' id='word_1_77' title='bbox 2573 1510 2715 1557; x_wconf 89' lang='lat' dir='ltr'>non</span> <span class='ocrx_word' id='word_1_78' title='bbox 2768 1512 3045 1584; x_wconf 90' lang='lat' dir='ltr'>semper</span> 
     </span>
     <span class='ocr_line' id='line_1_13' title="bbox 786 1593 3037 1693; baseline 0 -25"><span class='ocrx_word' id='word_1_79' title='bbox 786 1597 1079 1669; x_wconf 89' lang='lat' dir='ltr'>irrisisse</span> <span class='ocrx_word' id='word_1_80' title='bbox 1157 1595 1393 1690; x_wconf 92' lang='lat' dir='ltr'>potius</span> <span class='ocrx_word' id='word_1_81' title='bbox 1478 1619 1719 1667; x_wconf 91' lang='lat' dir='ltr'>eorum</span> <span class='ocrx_word' id='word_1_82' title='bbox 1792 1593 2159 1667; x_wconf 90' lang='lat' dir='ltr'>hominum</span> <span class='ocrx_word' id='word_1_83' title='bbox 2244 1595 2791 1690; x_wconf 87' lang='lat' dir='ltr'>impudentiam,</span> <span class='ocrx_word' id='word_1_84' title='bbox 2879 1599 3037 1693; x_wconf 88' lang='lat' dir='ltr'>qui,</span> 
     </span>
     <span class='ocr_line' id='line_1_14' title="bbox 788 1703 3037 1801; baseline 0.001 -25"><span class='ocrx_word' id='word_1_85' title='bbox 788 1730 1010 1800; x_wconf 92' lang='lat' dir='ltr'>quum</span> <span class='ocrx_word' id='word_1_86' title='bbox 1054 1706 1128 1777; x_wconf 91' lang='lat' dir='ltr'>in</span> <span class='ocrx_word' id='word_1_87' title='bbox 1181 1703 1415 1778; x_wconf 89' lang='lat' dir='ltr'>schola</span> <span class='ocrx_word' id='word_1_88' title='bbox 1462 1705 1835 1778; x_wconf 88' lang='lat' dir='ltr'>assedisset</span> <span class='ocrx_word' id='word_1_89' title='bbox 1885 1729 2141 1800; x_wconf 84' lang='lat' dir='ltr'>magna</span> <span class='ocrx_word' id='word_1_90' title='bbox 2190 1703 2557 1778; x_wconf 90' lang='lat' dir='ltr'>hominum</span> <span class='ocrx_word' id='word_1_91' title='bbox 2606 1705 3037 1801; x_wconf 85' lang='lat' dir='ltr'>frequentia,</span> 
     </span>
     <span class='ocr_line' id='line_1_15' title="bbox 788 1813 3035 1913; baseline 0 -26"><span class='ocrx_word' id='word_1_92' title='bbox 788 1815 1015 1887; x_wconf 89' lang='lat' dir='ltr'>dicere</span> <span class='ocrx_word' id='word_1_93' title='bbox 1083 1813 1406 1887; x_wconf 88' lang='lat' dir='ltr'>iuberent</span> <span class='ocrx_word' id='word_1_94' title='bbox 1434 1873 1452 1900; x_wconf 93' lang='lat'>,</span> <span class='ocrx_word' id='word_1_95' title='bbox 1529 1815 1586 1886; x_wconf 91' lang='lat' dir='ltr'>si</span> <span class='ocrx_word' id='word_1_96' title='bbox 1658 1814 1815 1909; x_wconf 86' lang='lat' dir='ltr'>quis</span> <span class='ocrx_word' id='word_1_97' title='bbox 1887 1813 2060 1910; x_wconf 93' lang='lat' dir='ltr'>quid</span> <span class='ocrx_word' id='word_1_98' title='bbox 2110 1816 2529 1909; x_wconf 78' lang='lat' dir='ltr'>quaereret?</span> <span class='ocrx_word' id='word_1_99' title='bbox 2631 1815 2848 1891; x_wconf 83' lang='lat' dir='ltr'>Quod</span> <span class='ocrx_word' id='word_1_100' title='bbox 2894 1818 3035 1913; x_wconf 89' lang='lat' dir='ltr'>pri-</span> 
     </span>
     <span class='ocr_line' id='line_1_16' title="bbox 787 1923 3036 2021; baseline 0 -24"><span class='ocrx_word' id='word_1_101' title='bbox 787 1950 983 1997; x_wconf 91' lang='lat' dir='ltr'>mum</span> <span class='ocrx_word' id='word_1_102' title='bbox 1058 1924 1294 1997; x_wconf 88' lang='lat' dir='ltr'>ferunt</span> <span class='ocrx_word' id='word_1_103' title='bbox 1363 1923 1793 1996; x_wconf 91' lang='lat' dir='ltr'>Leontinum</span> <span class='ocrx_word' id='word_1_104' title='bbox 1852 1923 2096 1997; x_wconf 81' lang='lat' dir='ltr'>fecisse</span> <span class='ocrx_word' id='word_1_105' title='bbox 2156 1924 2491 2021; x_wconf 87' lang='lat' dir='ltr'>Gorgiam</span> <span class='ocrx_word' id='word_1_106' title='bbox 2519 1982 2538 2011; x_wconf 88' lang='lat'>,</span> <span class='ocrx_word' id='word_1_107' title='bbox 2590 1925 2713 2020; x_wconf 89' lang='lat' dir='ltr'>qui</span> <span class='ocrx_word' id='word_1_108' title='bbox 2762 1950 3036 2021; x_wconf 88' lang='lat' dir='ltr'>perma-</span> 
     </span>
     <span class='ocr_line' id='line_1_17' title="bbox 785 2033 3040 2130; baseline -0 -23"><span class='ocrx_word' id='word_1_109' title='bbox 785 2060 1008 2130; x_wconf 87' lang='lat' dir='ltr'>gnum</span> <span class='ocrx_word' id='word_1_110' title='bbox 1059 2034 1396 2130; x_wconf 87' lang='lat' dir='ltr'>quiddam</span> <span class='ocrx_word' id='word_1_111' title='bbox 1449 2033 1796 2130; x_wconf 89' lang='lat' dir='ltr'>suscipere</span> <span class='ocrx_word' id='word_1_112' title='bbox 1832 2058 1912 2106; x_wconf 90' lang='lat' dir='ltr'>ac</span> <span class='ocrx_word' id='word_1_113' title='bbox 1937 2034 2250 2129; x_wconf 88' lang='lat' dir='ltr'>profiteri</span> <span class='ocrx_word' id='word_1_114' title='bbox 2274 2033 2663 2121; x_wconf 90' lang='lat' dir='ltr'>videbatur,</span> <span class='ocrx_word' id='word_1_115' title='bbox 2712 2058 2939 2130; x_wconf 90' lang='lat' dir='ltr'>quum</span> <span class='ocrx_word' id='word_1_116' title='bbox 2968 2061 3040 2108; x_wconf 89' lang='lat' dir='ltr'>se</span> 
     </span>
     <span class='ocr_line' id='line_1_18' title="bbox 783 2142 3034 2241; baseline 0 -25"><span class='ocrx_word' id='word_1_117' title='bbox 783 2144 875 2216; x_wconf 90' lang='lat' dir='ltr'>ad</span> <span class='ocrx_word' id='word_1_118' title='bbox 922 2144 1157 2216; x_wconf 89' lang='lat' dir='ltr'>omnia</span> <span class='ocrx_word' id='word_1_119' title='bbox 1185 2202 1204 2230; x_wconf 91' lang='lat'>‚</span> <span class='ocrx_word' id='word_1_120' title='bbox 1259 2142 1346 2215; x_wconf 92' lang='lat' dir='ltr'>de</span> <span class='ocrx_word' id='word_1_121' title='bbox 1396 2143 1655 2239; x_wconf 90' lang='lat' dir='ltr'>quibus</span> <span class='ocrx_word' id='word_1_122' title='bbox 1707 2144 2006 2238; x_wconf 89' lang='lat' dir='ltr'>quisque</span> <span class='ocrx_word' id='word_1_123' title='bbox 2053 2143 2295 2215; x_wconf 89' lang='lat' dir='ltr'>audire</span> <span class='ocrx_word' id='word_1_124' title='bbox 2345 2143 2598 2231; x_wconf 87' lang='lat' dir='ltr'>vellet,</span> <span class='ocrx_word' id='word_1_125' title='bbox 2653 2169 2803 2217; x_wconf 88' lang='lat' dir='ltr'>esse</span> <span class='ocrx_word' id='word_1_126' title='bbox 2834 2169 3034 2241; x_wconf 89' lang='lat' dir='ltr'>para-</span> 
     </span>
     <span class='ocr_line' id='line_1_19' title="bbox 784 2252 3033 2350; baseline -0 -23"><span class='ocrx_word' id='word_1_127' title='bbox 784 2263 937 2331; x_wconf 90' lang='lat' dir='ltr'>tum</span> <span class='ocrx_word' id='word_1_128' title='bbox 999 2253 1475 2326; x_wconf 85' lang='lat' dir='ltr'>denuntiaret:</span> <span class='ocrx_word' id='word_1_129' title='bbox 1538 2261 1781 2349; x_wconf 87' lang='lat' dir='ltr'>postea</span> <span class='ocrx_word' id='word_1_130' title='bbox 1840 2276 2001 2324; x_wconf 91' lang='lat' dir='ltr'>vero</span> <span class='ocrx_word' id='word_1_131' title='bbox 2060 2253 2271 2349; x_wconf 84' lang='lat' dir='ltr'>vulgo</span> <span class='ocrx_word' id='word_1_132' title='bbox 2330 2252 2461 2325; x_wconf 91' lang='lat' dir='ltr'>hoc</span> <span class='ocrx_word' id='word_1_133' title='bbox 2508 2253 2731 2326; x_wconf 86' lang='lat' dir='ltr'>facere</span> <span class='ocrx_word' id='word_1_134' title='bbox 2785 2278 3033 2350; x_wconf 89' lang='lat' dir='ltr'>coepe-</span> 
     </span>
     <span class='ocr_line' id='line_1_20' title="bbox 780 2362 3033 2459; baseline 0 -24"><span class='ocrx_word' id='word_1_135' title='bbox 780 2372 947 2436; x_wconf 90' lang='lat' dir='ltr'>runt</span> <span class='ocrx_word' id='word_1_136' title='bbox 977 2423 994 2448; x_wconf 89' lang='lat'>‚</span> <span class='ocrx_word' id='word_1_137' title='bbox 1061 2363 1410 2459; x_wconf 84' lang='lat' dir='ltr'>hodieque</span> <span class='ocrx_word' id='word_1_138' title='bbox 1471 2363 1785 2449; x_wconf 81' lang='lat' dir='ltr'>faciunt3</span> <span class='ocrx_word' id='word_1_139' title='bbox 1841 2371 1920 2436; x_wconf 93' lang='lat' dir='ltr'>ut</span> <span class='ocrx_word' id='word_1_140' title='bbox 1970 2362 2166 2435; x_wconf 89' lang='lat' dir='ltr'>nulla</span> <span class='ocrx_word' id='word_1_141' title='bbox 2216 2363 2306 2435; x_wconf 93' lang='lat' dir='ltr'>sit</span> <span class='ocrx_word' id='word_1_142' title='bbox 2353 2387 2462 2436; x_wconf 89' lang='lat' dir='ltr'>res</span> <span class='ocrx_word' id='word_1_143' title='bbox 2512 2387 2741 2459; x_wconf 92' lang='lat' dir='ltr'>neque</span> <span class='ocrx_word' id='word_1_144' title='bbox 2788 2371 2989 2436; x_wconf 85' lang='lat' dir='ltr'>tanta</span> <span class='ocrx_word' id='word_1_145' title='bbox 3018 2424 3033 2450; x_wconf 93' lang='lat'>‚</span> 
     </span>
     <span class='ocr_line' id='line_1_21' title="bbox 778 2472 3033 2569; baseline 0 -25"><span class='ocrx_word' id='word_1_146' title='bbox 778 2497 1008 2568; x_wconf 91' lang='lat' dir='ltr'>neque</span> <span class='ocrx_word' id='word_1_147' title='bbox 1056 2481 1201 2545; x_wconf 94' lang='lat' dir='ltr'>tam</span> <span class='ocrx_word' id='word_1_148' title='bbox 1250 2473 1624 2568; x_wconf 86' lang='lat' dir='ltr'>improvisa</span> <span class='ocrx_word' id='word_1_149' title='bbox 1653 2532 1671 2558; x_wconf 89' lang='lat'>,</span> <span class='ocrx_word' id='word_1_150' title='bbox 1725 2497 1954 2568; x_wconf 92' lang='lat' dir='ltr'>neque</span> <span class='ocrx_word' id='word_1_151' title='bbox 2002 2481 2147 2545; x_wconf 91' lang='lat' dir='ltr'>tam</span> <span class='ocrx_word' id='word_1_152' title='bbox 2198 2496 2375 2544; x_wconf 89' lang='lat' dir='ltr'>nova</span> <span class='ocrx_word' id='word_1_153' title='bbox 2402 2531 2421 2559; x_wconf 91' lang='lat'>‚</span> <span class='ocrx_word' id='word_1_154' title='bbox 2475 2472 2563 2545; x_wconf 92' lang='lat' dir='ltr'>de</span> <span class='ocrx_word' id='word_1_155' title='bbox 2612 2497 2751 2569; x_wconf 91' lang='lat' dir='ltr'>qua</span> <span class='ocrx_word' id='word_1_156' title='bbox 2789 2498 2864 2546; x_wconf 91' lang='lat' dir='ltr'>se</span> <span class='ocrx_word' id='word_1_157' title='bbox 2889 2497 3033 2544; x_wconf 90' lang='lat' dir='ltr'>non</span> 
     </span>
     <span class='ocr_line' id='line_1_22' title="bbox 778 2581 3029 2677; baseline 0 -23"><span class='ocrx_word' id='word_1_158' title='bbox 778 2583 1014 2655; x_wconf 88' lang='lat' dir='ltr'>omnia</span> <span class='ocrx_word' id='word_1_159' title='bbox 1041 2641 1060 2668; x_wconf 89' lang='lat'>‚</span> <span class='ocrx_word' id='word_1_160' title='bbox 1133 2607 1312 2676; x_wconf 89' lang='lat' dir='ltr'>quae</span> <span class='ocrx_word' id='word_1_161' title='bbox 1381 2582 1519 2655; x_wconf 92' lang='lat' dir='ltr'>dici</span> <span class='ocrx_word' id='word_1_162' title='bbox 1585 2582 1899 2677; x_wconf 90' lang='lat' dir='ltr'>possint,</span> <span class='ocrx_word' id='word_1_163' title='bbox 1960 2582 2422 2677; x_wconf 87' lang='lat' dir='ltr'>profiteantur</span> <span class='ocrx_word' id='word_1_164' title='bbox 2480 2606 2629 2654; x_wconf 89' lang='lat' dir='ltr'>esse</span> <span class='ocrx_word' id='word_1_165' title='bbox 2692 2581 3029 2655; x_wconf 77' lang='lat' dir='ltr'>dicturos,</span> 
     </span>
     <span class='ocr_line' id='line_1_23' title="bbox 780 2687 3033 2789; baseline -0.002 -21"><span class='ocrx_word' id='word_1_166' title='bbox 780 2692 994 2768; x_wconf 82' lang='lat' dir='ltr'>Quod</span> <span class='ocrx_word' id='word_1_167' title='bbox 1044 2691 1102 2765; x_wconf 91' lang='lat' dir='ltr'>si</span> <span class='ocrx_word' id='word_1_168' title='bbox 1150 2700 1221 2765; x_wconf 93' lang='lat' dir='ltr'>te</span> <span class='ocrx_word' id='word_1_169' title='bbox 1242 2752 1260 2778; x_wconf 93' lang='lat'>,</span> <span class='ocrx_word' id='word_1_170' title='bbox 1315 2692 1523 2766; x_wconf 88' lang='lat' dir='ltr'>Cotta</span> <span class='ocrx_word' id='word_1_171' title='bbox 1542 2753 1560 2780; x_wconf 94' lang='lat'>,</span> <span class='ocrx_word' id='word_1_172' title='bbox 1613 2691 2017 2777; x_wconf 85' lang='lat' dir='ltr'>arbitrarer,</span> <span class='ocrx_word' id='word_1_173' title='bbox 2070 2699 2189 2765; x_wconf 90' lang='lat' dir='ltr'>aut</span> <span class='ocrx_word' id='word_1_174' title='bbox 2239 2700 2309 2765; x_wconf 92' lang='lat' dir='ltr'>te</span> <span class='ocrx_word' id='word_1_175' title='bbox 2330 2751 2348 2778; x_wconf 94' lang='lat'>,</span> <span class='ocrx_word' id='word_1_176' title='bbox 2404 2690 2713 2788; x_wconf 89' lang='lat' dir='ltr'>Sulpici,</span> <span class='ocrx_word' id='word_1_177' title='bbox 2776 2687 2897 2789; x_wconf 92' lang='lat' dir='ltr'>[de</span> <span class='ocrx_word' id='word_1_178' title='bbox 2945 2693 3033 2767; x_wconf 91' lang='lat' dir='ltr'>iis</span> 
     </span>
     <span class='ocr_line' id='line_1_24' title="bbox 779 2798 3029 2898; baseline 0 -24"><span class='ocrx_word' id='word_1_179' title='bbox 779 2798 1018 2898; x_wconf 88' lang='lat' dir='ltr'>rebus]</span> <span class='ocrx_word' id='word_1_180' title='bbox 1071 2803 1312 2876; x_wconf 90' lang='lat' dir='ltr'>audire</span> <span class='ocrx_word' id='word_1_181' title='bbox 1359 2803 1535 2876; x_wconf 90' lang='lat' dir='ltr'>velle</span> <span class='ocrx_word' id='word_1_182' title='bbox 1555 2862 1574 2890; x_wconf 90' lang='lat'>‚</span> <span class='ocrx_word' id='word_1_183' title='bbox 1628 2803 2077 2875; x_wconf 88' lang='lat' dir='ltr'>adduxissem</span> <span class='ocrx_word' id='word_1_184' title='bbox 2126 2803 2263 2875; x_wconf 91' lang='lat' dir='ltr'>huc</span> <span class='ocrx_word' id='word_1_185' title='bbox 2315 2802 2659 2875; x_wconf 89' lang='lat' dir='ltr'>Graecum</span> <span class='ocrx_word' id='word_1_186' title='bbox 2684 2802 2996 2898; x_wconf 89' lang='lat' dir='ltr'>aliquem</span> <span class='ocrx_word' id='word_1_187' title='bbox 3012 2863 3029 2890; x_wconf 91' lang='lat'>,</span> 
     </span>
     <span class='ocr_line' id='line_1_25' title="bbox 777 2911 3033 3009; baseline -0.001 -24"><span class='ocrx_word' id='word_1_188' title='bbox 777 2913 900 3007; x_wconf 86' lang='lat' dir='ltr'>qui</span> <span class='ocrx_word' id='word_1_189' title='bbox 961 2936 1081 2985; x_wconf 90' lang='lat' dir='ltr'>vos</span> <span class='ocrx_word' id='word_1_190' title='bbox 1130 2912 1528 2986; x_wconf 90' lang='lat' dir='ltr'>istiusmodi</span> <span class='ocrx_word' id='word_1_191' title='bbox 1579 2912 2172 3009; x_wconf 80' lang='lat' dir='ltr'>disputationibus</span> <span class='ocrx_word' id='word_1_192' title='bbox 2224 2911 2642 2985; x_wconf 88' lang='lat' dir='ltr'>delectaret:</span> <span class='ocrx_word' id='word_1_193' title='bbox 2697 2912 2889 3008; x_wconf 93' lang='lat' dir='ltr'>quod</span> <span class='ocrx_word' id='word_1_194' title='bbox 2939 2938 3033 2984; x_wconf 89' lang='lat' dir='ltr'>ne</span> 
     </span>
    </p>
   </div>
   <div class='ocr_carea' id='block_1_5' title="bbox 767 3156 1853 4397">
    <p class='ocr_par' dir='ltr' id='par_1_6' title="bbox 770 3156 1853 3678">
     <span class='ocr_line' id='line_1_26' title="bbox 846 3156 1849 3219; baseline 0 -14"><span class='ocrx_word' id='word_1_195' title='bbox 846 3157 958 3206; x_wconf 85' lang='lat'>102.</span> <span class='ocrx_word' id='word_1_196' title='bbox 995 3156 1083 3205; x_wconf 80' lang='lat' dir='ltr'>hoe</span> <span class='ocrx_word' id='word_1_197' title='bbox 1086 3157 1310 3217; x_wconf 81' lang='lat' dir='ltr'>primum</span> <span class='ocrx_word' id='word_1_198' title='bbox 1330 3170 1394 3204; x_wconf 76' lang='lat' dir='ltr'>eoe</span> <span class='ocrx_word' id='word_1_199' title='bbox 1408 3158 1457 3204; x_wconf 91' lang='lat' dir='ltr'>te</span> <span class='ocrx_word' id='word_1_200' title='bbox 1468 3182 1537 3192; x_wconf 89' lang='lat'>—</span> <span class='ocrx_word' id='word_1_201' title='bbox 1551 3158 1849 3219; x_wconf 79' lang='lat' dir='ltr'>quaerimus.</span> 
     </span>
     <span class='ocr_line' id='line_1_27' title="bbox 774 3234 1853 3296; baseline 0.003 -13"><span class='ocrx_word' id='word_1_202' title='bbox 774 3237 980 3284; x_wconf 90' lang='lat' dir='ltr'>Temere</span> <span class='ocrx_word' id='word_1_203' title='bbox 995 3234 1057 3283; x_wconf 85' lang='lat' dir='ltr'>ab</span> <span class='ocrx_word' id='word_1_204' title='bbox 1072 3234 1178 3283; x_wconf 79' lang='lat' dir='ltr'>aliis</span> <span class='ocrx_word' id='word_1_205' title='bbox 1191 3234 1431 3283; x_wconf 85' lang='lat' dir='ltr'>omittitur</span> <span class='ocrx_word' id='word_1_206' title='bbox 1436 3236 1679 3296; x_wconf 80' lang='lat' dir='ltr'>primum.</span> <span class='ocrx_word' id='word_1_207' title='bbox 1704 3236 1853 3295; x_wconf 83' lang='lat' dir='ltr'>Quod</span> 
     </span>
     <span class='ocr_line' id='line_1_28' title="bbox 777 3312 1851 3376; baseline -0.001 -14"><span class='ocrx_word' id='word_1_208' title='bbox 777 3314 907 3362; x_wconf 90' lang='lat' dir='ltr'>enim</span> <span class='ocrx_word' id='word_1_209' title='bbox 937 3328 966 3361; x_wconf 97' lang='lat' dir='ltr'>a</span> <span class='ocrx_word' id='word_1_210' title='bbox 995 3314 1171 3363; x_wconf 83' lang='lat' dir='ltr'>Crasso</span> <span class='ocrx_word' id='word_1_211' title='bbox 1201 3313 1436 3376; x_wconf 83' lang='lat' dir='ltr'>explicari</span> <span class='ocrx_word' id='word_1_212' title='bbox 1463 3312 1731 3376; x_wconf 82' lang='lat' dir='ltr'>cupiebant</span> <span class='ocrx_word' id='word_1_213' title='bbox 1753 3314 1851 3362; x_wconf 92' lang='lat' dir='ltr'>hoc</span> 
     </span>
     <span class='ocr_line' id='line_1_29' title="bbox 773 3392 1847 3457; baseline 0.001 -17"><span class='ocrx_word' id='word_1_214' title='bbox 773 3397 908 3451; x_wconf 83' lang='lat' dir='ltr'>erat,</span> <span class='ocrx_word' id='word_1_215' title='bbox 953 3397 977 3451; x_wconf 69' lang='grc'><strong>5</strong></span> <span class='ocrx_word' id='word_1_216' title='bbox 1019 3394 1108 3450; x_wconf 86' lang='grc'>98,</span> <span class='ocrx_word' id='word_1_217' title='bbox 1152 3392 1270 3453; x_wconf 90' lang='lat' dir='ltr'>quid</span> <span class='ocrx_word' id='word_1_218' title='bbox 1307 3392 1367 3439; x_wconf 86' lang='lat' dir='ltr'>de</span> <span class='ocrx_word' id='word_1_219' title='bbox 1406 3392 1535 3441; x_wconf 80' lang='lat' dir='ltr'>omni</span> <span class='ocrx_word' id='word_1_220' title='bbox 1567 3408 1745 3457; x_wconf 79' lang='lat' dir='ltr'>qenere</span> <span class='ocrx_word' id='word_1_221' title='bbox 1772 3394 1847 3440; x_wconf 88' lang='lat' dir='ltr'>di-</span> 
     </span>
     <span class='ocr_line' id='line_1_30' title="bbox 773 3470 1849 3533; baseline -0.001 -12"><span class='ocrx_word' id='word_1_222' title='bbox 773 3473 914 3521; x_wconf 78' lang='lat' dir='ltr'>cendi</span> <span class='ocrx_word' id='word_1_223' title='bbox 927 3471 1154 3521; x_wconf 80' lang='lat' dir='ltr'>sentiret:</span> <span class='ocrx_word' id='word_1_224' title='bbox 1184 3470 1271 3520; x_wconf 88' lang='lat' dir='ltr'>sed</span> <span class='ocrx_word' id='word_1_225' title='bbox 1295 3471 1429 3531; x_wconf 89' lang='lat' dir='ltr'>quod</span> <span class='ocrx_word' id='word_1_226' title='bbox 1450 3485 1586 3519; x_wconf 87' lang='lat' dir='ltr'>nunc</span> <span class='ocrx_word' id='word_1_227' title='bbox 1599 3471 1849 3533; x_wconf 86' lang='lat' dir='ltr'>quaeritur</span> 
     </span>
     <span class='ocr_line' id='line_1_31' title="bbox 773 3548 1846 3613; baseline -0.001 -14"><span class='ocrx_word' id='word_1_228' title='bbox 773 3550 1101 3612; x_wconf 81' lang='lat' dir='ltr'>praemittitur</span> <span class='ocrx_word' id='word_1_229' title='bbox 1135 3553 1330 3598; x_wconf 84' lang='lat' dir='ltr'>tantum</span> <span class='ocrx_word' id='word_1_230' title='bbox 1355 3548 1506 3611; x_wconf 87' lang='lat' dir='ltr'>ipsius</span> <span class='ocrx_word' id='word_1_231' title='bbox 1531 3550 1607 3598; x_wconf 90' lang='lat' dir='ltr'>rei</span> <span class='ocrx_word' id='word_1_232' title='bbox 1630 3551 1846 3613; x_wconf 84' lang='lat' dir='ltr'>explica-</span> 
     </span>
     <span class='ocr_line' id='line_1_32' title="bbox 770 3630 910 3678; baseline -0.007 -1"><span class='ocrx_word' id='word_1_233' title='bbox 770 3630 910 3678; x_wconf 89' lang='lat' dir='ltr'>tioni.</span> 
     </span>
    </p>

    <p class='ocr_par' dir='ltr' id='par_1_7' title="bbox 767 3707 1848 4397">
     <span class='ocr_line' id='line_1_33' title="bbox 839 3707 1848 3771; baseline -0.002 -16"><span class='ocrx_word' id='word_1_234' title='bbox 839 3709 924 3770; x_wconf 83' lang='lat' dir='ltr'>qui</span> <span class='ocrx_word' id='word_1_235' title='bbox 952 3722 1099 3769; x_wconf 84' lang='lat' dir='ltr'>quum</span> <span class='ocrx_word' id='word_1_236' title='bbox 1127 3708 1180 3754; x_wconf 83' lang='lat' dir='ltr'>in</span> <span class='ocrx_word' id='word_1_237' title='bbox 1206 3707 1370 3754; x_wconf 81' lang='lat' dir='ltr'>schola</span> <span class='ocrx_word' id='word_1_238' title='bbox 1397 3707 1659 3755; x_wconf 83' lang='lat' dir='ltr'>assedisset</span> <span class='ocrx_word' id='word_1_239' title='bbox 1672 3722 1848 3771; x_wconf 81' lang='lat' dir='ltr'>maqna</span> 
     </span>
     <span class='ocr_line' id='line_1_34' title="bbox 770 3784 1847 3847; baseline -0.001 -12"><span class='ocrx_word' id='word_1_240' title='bbox 770 3787 1014 3835; x_wconf 76' lang='lat' dir='ltr'>hominum</span> <span class='ocrx_word' id='word_1_241' title='bbox 1033 3786 1348 3847; x_wconf 83' lang='lat' dir='ltr'>frequentia.</span> <span class='ocrx_word' id='word_1_242' title='bbox 1387 3786 1671 3834; x_wconf 86' lang='lat' dir='ltr'>Secundum</span> <span class='ocrx_word' id='word_1_243' title='bbox 1695 3784 1847 3834; x_wconf 86' lang='lat' dir='ltr'>libros</span> 
     </span>
     <span class='ocr_line' id='line_1_35' title="bbox 769 3863 1846 3925; baseline -0.003 -12"><span class='ocrx_word' id='word_1_244' title='bbox 769 3868 1050 3913; x_wconf 87' lang='lat' dir='ltr'>constanter</span> <span class='ocrx_word' id='word_1_245' title='bbox 1078 3863 1239 3911; x_wconf 81' lang='lat' dir='ltr'>editur</span> <span class='ocrx_word' id='word_1_246' title='bbox 1265 3864 1576 3911; x_wconf 83' lang='lat' dir='ltr'>assedissent.</span> <span class='ocrx_word' id='word_1_247' title='bbox 1647 3863 1727 3912; x_wconf 86' lang='lat' dir='ltr'>Sic</span> <span class='ocrx_word' id='word_1_248' title='bbox 1752 3863 1846 3925; x_wconf 85' lang='lat' dir='ltr'>ipsi</span> 
     </span>
     <span class='ocr_line' id='line_1_36' title="bbox 769 3942 1843 4005; baseline -0.001 -14"><span class='ocrx_word' id='word_1_249' title='bbox 769 3943 1016 4005; x_wconf 82' lang='lat' dir='ltr'>sophistae</span> <span class='ocrx_word' id='word_1_250' title='bbox 1044 3942 1275 3990; x_wconf 87' lang='lat' dir='ltr'>dicuntur</span> <span class='ocrx_word' id='word_1_251' title='bbox 1301 3943 1554 3999; x_wconf 72' lang='lat' dir='ltr'>assedisse,</span> <span class='ocrx_word' id='word_1_252' title='bbox 1582 3946 1633 3990; x_wconf 91' lang='lat' dir='ltr'>et</span> <span class='ocrx_word' id='word_1_253' title='bbox 1646 3942 1843 4003; x_wconf 90' lang='lat' dir='ltr'>quidem</span> 
     </span>
     <span class='ocr_line' id='line_1_37' title="bbox 768 4018 1843 4085; baseline 0 -16"><span class='ocrx_word' id='word_1_254' title='bbox 768 4036 942 4085; x_wconf 75' lang='lat' dir='ltr'>mayna</span> <span class='ocrx_word' id='word_1_255' title='bbox 969 4022 1094 4070; x_wconf 79' lang='lat' dir='ltr'>hom.</span> <span class='ocrx_word' id='word_1_256' title='bbox 1120 4020 1419 4082; x_wconf 79' lang='lat' dir='ltr'>frequentia</span> <span class='ocrx_word' id='word_1_257' title='bbox 1435 4055 1448 4078; x_wconf 92' lang='lat'>,</span> <span class='ocrx_word' id='word_1_258' title='bbox 1485 4034 1584 4082; x_wconf 84' lang='lat' dir='ltr'>quo</span> <span class='ocrx_word' id='word_1_259' title='bbox 1611 4018 1843 4069; x_wconf 85' lang='lat' dir='ltr'>Ablativo</span> 
     </span>
     <span class='ocr_line' id='line_1_38' title="bbox 769 4098 1843 4161; baseline -0.001 -13"><span class='ocrx_word' id='word_1_260' title='bbox 769 4114 1036 4161; x_wconf 83' lang='lat' dir='ltr'>numquam</span> <span class='ocrx_word' id='word_1_261' title='bbox 1050 4100 1146 4148; x_wconf 89' lang='lat' dir='ltr'>hoc</span> <span class='ocrx_word' id='word_1_262' title='bbox 1159 4099 1366 4147; x_wconf 84' lang='lat' dir='ltr'>indicari</span> <span class='ocrx_word' id='word_1_263' title='bbox 1388 4102 1577 4161; x_wconf 87' lang='lat' dir='ltr'>potest,</span> <span class='ocrx_word' id='word_1_264' title='bbox 1607 4103 1665 4147; x_wconf 93' lang='lat' dir='ltr'>ut</span> <span class='ocrx_word' id='word_1_265' title='bbox 1678 4098 1740 4147; x_wconf 89' lang='lat' dir='ltr'>sit</span> <span class='ocrx_word' id='word_1_266' title='bbox 1751 4114 1843 4160; x_wconf 89' lang='lat' dir='ltr'>pro</span> 
     </span>
     <span class='ocr_line' id='line_1_39' title="bbox 767 4178 1843 4243; baseline -0.003 -16"><span class='ocrx_word' id='word_1_267' title='bbox 767 4193 915 4240; x_wconf 83' lang='lat' dir='ltr'>quum</span> <span class='ocrx_word' id='word_1_268' title='bbox 955 4193 1130 4243; x_wconf 81' lang='lat' dir='ltr'>maqna</span> <span class='ocrx_word' id='word_1_269' title='bbox 1157 4178 1456 4239; x_wconf 75' lang='lat' dir='ltr'>frequentia</span> <span class='ocrx_word' id='word_1_270' title='bbox 1494 4178 1715 4234; x_wconf 88' lang='lat' dir='ltr'>adesset,</span> <span class='ocrx_word' id='word_1_271' title='bbox 1758 4181 1843 4225; x_wconf 82' lang='lat' dir='ltr'>aut</span> 
     </span>
     <span class='ocr_line' id='line_1_40' title="bbox 769 4253 1839 4317; baseline 0.001 -16"><span class='ocrx_word' id='word_1_272' title='bbox 769 4272 825 4304; x_wconf 59' lang='lat' dir='ltr'>so</span> <span class='ocrx_word' id='word_1_273' title='bbox 833 4257 1093 4305; x_wconf 85' lang='lat' dir='ltr'>nvenisset.</span> <span class='ocrx_word' id='word_1_274' title='bbox 1163 4258 1434 4317; x_wconf 83' lang='lat' dir='ltr'>Propterea</span> <span class='ocrx_word' id='word_1_275' title='bbox 1458 4269 1560 4303; x_wconf 90' lang='lat' dir='ltr'>non</span> <span class='ocrx_word' id='word_1_276' title='bbox 1588 4253 1839 4313; x_wconf 83' lang='lat' dir='ltr'>dubitavi,</span> 
     </span>
     <span class='ocr_line' id='line_1_41' title="bbox 769 4333 1842 4397; baseline -0.002 -13"><span class='ocrx_word' id='word_1_277' title='bbox 769 4341 937 4385; x_wconf 63' lang='lat' dir='ltr'>vantra</span> <span class='ocrx_word' id='word_1_278' title='bbox 972 4333 1123 4383; x_wconf 91' lang='lat' dir='ltr'>libros</span> <span class='ocrx_word' id='word_1_279' title='bbox 1140 4370 1153 4393; x_wconf 92' lang='lat'>,</span> <span class='ocrx_word' id='word_1_280' title='bbox 1196 4334 1443 4397; x_wconf 83' lang='lat' dir='ltr'>corrigere</span> <span class='ocrx_word' id='word_1_281' title='bbox 1470 4335 1756 4392; x_wconf 82' lang='lat' dir='ltr'>assedisset,</span> <span class='ocrx_word' id='word_1_282' title='bbox 1785 4339 1842 4382; x_wconf 91' lang='lat' dir='ltr'>ut</span> 
     </span>
    </p>
   </div>
   <div class='ocr_carea' id='block_1_6' title="bbox 757 4412 1856 4555">
    <p class='ocr_par' dir='ltr' id='par_1_8' title="bbox 757 4412 1856 4555">
     <span class='ocr_line' id='line_1_42' title="bbox 757 4412 1524 4477; baseline -0.001 -17"><span class='ocrx_word' id='word_1_283' title='bbox 757 4416 1053 4477; x_wconf 45' lang='lat' dir='ltr'>„frequentia</span> <span class='ocrx_word' id='word_1_284' title='bbox 1079 4412 1422 4463; x_wconf 83' lang='lat' dir='ltr'>Nominativus</span> <span class='ocrx_word' id='word_1_285' title='bbox 1446 4412 1524 4460; x_wconf 86' lang='lat' dir='ltr'>sit.</span> 
     </span>
     <span class='ocr_line' id='line_1_43' title="bbox 837 4490 1856 4555; baseline -0.004 -14"><span class='ocrx_word' id='word_1_286' title='bbox 837 4495 947 4541; x_wconf 89' lang='grc'><strong>104.</strong></span> <span class='ocrx_word' id='word_1_287' title='bbox 990 4492 1075 4555; x_wconf 84' lang='lat' dir='ltr'>[de</span> <span class='ocrx_word' id='word_1_288' title='bbox 1103 4493 1167 4539; x_wconf 87' lang='lat' dir='ltr'>iis</span> <span class='ocrx_word' id='word_1_289' title='bbox 1193 4491 1360 4552; x_wconf 83' lang='lat' dir='ltr'>rebus]</span> <span class='ocrx_word' id='word_1_290' title='bbox 1381 4490 1556 4538; x_wconf 84' lang='lat' dir='ltr'>audire</span> <span class='ocrx_word' id='word_1_291' title='bbox 1569 4493 1703 4539; x_wconf 82' lang='lat' dir='ltr'>velle.</span> <span class='ocrx_word' id='word_1_292' title='bbox 1741 4490 1856 4538; x_wconf 81' lang='lat' dir='ltr'>Alii-</span> 
     </span>
    </p>
   </div>
   <div class='ocr_carea' id='block_1_7' title="bbox 769 4568 1838 4630">
    <p class='ocr_par' dir='ltr' id='par_1_9' title="bbox 769 4568 1838 4630">
     <span class='ocr_line' id='line_1_44' title="bbox 769 4568 1838 4630; baseline 0.001 -14"><span class='ocrx_word' id='word_1_293' title='bbox 769 4571 876 4618; x_wconf 73' lang='lat' dir='ltr'>liin-i</span> <span class='ocrx_word' id='word_1_294' title='bbox 891 4606 906 4630; x_wconf 92' lang='lat'>,</span> <span class='ocrx_word' id='word_1_295' title='bbox 948 4576 1003 4619; x_wconf 91' lang='lat' dir='ltr'>ut</span> <span class='ocrx_word' id='word_1_296' title='bbox 1027 4573 1183 4629; x_wconf 90' lang='lat' dir='ltr'>solet,</span> <span class='ocrx_word' id='word_1_297' title='bbox 1211 4572 1274 4619; x_wconf 90' lang='lat' dir='ltr'>de</span> <span class='ocrx_word' id='word_1_298' title='bbox 1299 4571 1375 4618; x_wconf 79' lang='lat' dir='ltr'>his</span> <span class='ocrx_word' id='word_1_299' title='bbox 1391 4589 1408 4617; x_wconf 91' lang='lat'>.·</span> <span class='ocrx_word' id='word_1_300' title='bbox 1439 4569 1526 4619; x_wconf 88' lang='lat' dir='ltr'>sed</span> <span class='ocrx_word' id='word_1_301' title='bbox 1552 4568 1678 4617; x_wconf 86' lang='lat' dir='ltr'>nihil</span> <span class='ocrx_word' id='word_1_302' title='bbox 1704 4582 1838 4617; x_wconf 89' lang='lat' dir='ltr'>nunc</span> 
     </span>
    </p>
   </div>
   <div class='ocr_carea' id='block_1_8' title="bbox 1936 3153 3033 4630">
    <p class='ocr_par' dir='ltr' id='par_1_10' title="bbox 1938 3153 3033 4227">
     <span class='ocr_line' id='line_1_45' title="bbox 1948 3153 3033 3217; baseline 0.003 -12"><span class='ocrx_word' id='word_1_303' title='bbox 1948 3155 2186 3205; x_wconf 84' lang='lat' dir='ltr'>interesse</span> <span class='ocrx_word' id='word_1_304' title='bbox 2238 3153 2471 3204; x_wconf 82' lang='lat' dir='ltr'>arbitror:</span> <span class='ocrx_word' id='word_1_305' title='bbox 2528 3170 2711 3217; x_wconf 80' lang='lat' dir='ltr'>quaero</span> <span class='ocrx_word' id='word_1_306' title='bbox 2759 3157 2891 3206; x_wconf 89' lang='lat' dir='ltr'>enirn</span> <span class='ocrx_word' id='word_1_307' title='bbox 2906 3194 2919 3216; x_wconf 90' lang='lat'>,</span> <span class='ocrx_word' id='word_1_308' title='bbox 2966 3160 3033 3208; x_wconf 91' lang='lat' dir='ltr'>de</span> 
     </span>
     <span class='ocr_line' id='line_1_46' title="bbox 1949 3232 3029 3297; baseline 0.003 -14"><span class='ocrx_word' id='word_1_309' title='bbox 1949 3233 2124 3297; x_wconf 86' lang='lat' dir='ltr'>quibus</span> <span class='ocrx_word' id='word_1_310' title='bbox 2150 3232 2330 3283; x_wconf 84' lang='lat' dir='ltr'>rebus?</span> <span class='ocrx_word' id='word_1_311' title='bbox 2400 3234 2825 3297; x_wconf 84' lang='lat' dir='ltr'>Respondebitur,</span> <span class='ocrx_word' id='word_1_312' title='bbox 2856 3238 3029 3297; x_wconf 85' lang='lat' dir='ltr'>credo,</span> 
     </span>
     <span class='ocr_line' id='line_1_47' title="bbox 1940 3311 3029 3377; baseline 0.003 -15"><span class='ocrx_word' id='word_1_313' title='bbox 1940 3314 2011 3374; x_wconf 61' lang='lat' dir='ltr'>‚de</span> <span class='ocrx_word' id='word_1_314' title='bbox 2062 3311 2195 3362; x_wconf 91' lang='lat' dir='ltr'>omni</span> <span class='ocrx_word' id='word_1_315' title='bbox 2234 3326 2417 3377; x_wconf 86' lang='lat' dir='ltr'>genere</span> <span class='ocrx_word' id='word_1_316' title='bbox 2459 3312 2684 3372; x_wconf 86' lang='lat' dir='ltr'>dicendi,</span> <span class='ocrx_word' id='word_1_317' title='bbox 2736 3320 2822 3363; x_wconf 84' lang='lat' dir='ltr'>aut</span> <span class='ocrx_word' id='word_1_318' title='bbox 2861 3315 2923 3363; x_wconf 90' lang='lat' dir='ltr'>de</span> <span class='ocrx_word' id='word_1_319' title='bbox 2968 3331 3029 3365; x_wconf 91' lang='lat' dir='ltr'>eo</span> 
     </span>
     <span class='ocr_line' id='line_1_48' title="bbox 1946 3392 3028 3455; baseline 0.004 -16"><span class='ocrx_word' id='word_1_320' title='bbox 1946 3392 2055 3455; x_wconf 88' lang='lat' dir='ltr'>ipso</span> <span class='ocrx_word' id='word_1_321' title='bbox 2072 3427 2085 3452; x_wconf 92' lang='lat'>‚</span> <span class='ocrx_word' id='word_1_322' title='bbox 2116 3392 2242 3441; x_wconf 88' lang='lat' dir='ltr'>sitne</span> <span class='ocrx_word' id='word_1_323' title='bbox 2268 3405 2347 3441; x_wconf 86' lang='lat' dir='ltr'>ars</span> <span class='ocrx_word' id='word_1_324' title='bbox 2372 3392 2535 3453; x_wconf 83' lang='lat' dir='ltr'>aliqua</span> <span class='ocrx_word' id='word_1_325' title='bbox 2550 3392 2763 3441; x_wconf 86' lang='lat' dir='ltr'>dicendi.</span> <span class='ocrx_word' id='word_1_326' title='bbox 2801 3394 2900 3443; x_wconf 87' lang='lat' dir='ltr'>Sed</span> <span class='ocrx_word' id='word_1_327' title='bbox 2913 3409 3028 3443; x_wconf 82' lang='lat' dir='ltr'>eam</span> 
     </span>
     <span class='ocr_line' id='line_1_49' title="bbox 1947 3470 3029 3534; baseline 0.003 -16"><span class='ocrx_word' id='word_1_328' title='bbox 1947 3470 2329 3534; x_wconf 78' lang='lat' dir='ltr'>disputationem</span> <span class='ocrx_word' id='word_1_329' title='bbox 2377 3485 2478 3520; x_wconf 90' lang='lat' dir='ltr'>non</span> <span class='ocrx_word' id='word_1_330' title='bbox 2520 3486 2609 3533; x_wconf 89' lang='lat' dir='ltr'>per</span> <span class='ocrx_word' id='word_1_331' title='bbox 2650 3477 2955 3521; x_wconf 89' lang='lat' dir='ltr'>contemtum</span> <span class='ocrx_word' id='word_1_332' title='bbox 2999 3489 3029 3521; x_wconf 88' lang='lat' dir='ltr'>a</span> 
     </span>
     <span class='ocr_line' id='line_1_50' title="bbox 1948 3550 3024 3611; baseline 0.001 -13"><span class='ocrx_word' id='word_1_333' title='bbox 1948 3551 2192 3599; x_wconf 84' lang='lat' dir='ltr'>Graeculo</span> <span class='ocrx_word' id='word_1_334' title='bbox 2218 3550 2485 3611; x_wconf 87' lang='lat' dir='ltr'>petendam</span> <span class='ocrx_word' id='word_1_335' title='bbox 2514 3564 2620 3599; x_wconf 86' lang='lat' dir='ltr'>esse</span> <span class='ocrx_word' id='word_1_336' title='bbox 2648 3550 2849 3600; x_wconf 82' lang='lat' dir='ltr'>dixisset</span> <span class='ocrx_word' id='word_1_337' title='bbox 2877 3553 3024 3601; x_wconf 67' lang='lat' dir='ltr'>Cras-</span> 
     </span>
     <span class='ocr_line' id='line_1_51' title="bbox 1946 3629 3024 3691; baseline 0.003 -16"><span class='ocrx_word' id='word_1_338' title='bbox 1946 3642 2027 3676; x_wconf 90' lang='lat' dir='ltr'>sus</span> <span class='ocrx_word' id='word_1_339' title='bbox 2046 3664 2058 3685; x_wconf 90' lang='lat'>,</span> <span class='ocrx_word' id='word_1_340' title='bbox 2089 3643 2234 3689; x_wconf 86' lang='lat' dir='ltr'>quam</span> <span class='ocrx_word' id='word_1_341' title='bbox 2260 3629 2435 3687; x_wconf 79' lang='lat' dir='ltr'>modu,</span> <span class='ocrx_word' id='word_1_342' title='bbox 2482 3634 2506 3687; x_wconf 67' lang='grc' dir='ltr'><strong>ξ</strong></span> <span class='ocrx_word' id='word_1_343' title='bbox 2547 3630 2635 3687; x_wconf 88' lang='grc'>99,</span> <span class='ocrx_word' id='word_1_344' title='bbox 2672 3630 2779 3691; x_wconf 88' lang='lat' dir='ltr'>ipse</span> <span class='ocrx_word' id='word_1_345' title='bbox 2806 3632 3024 3678; x_wconf 84' lang='lat' dir='ltr'>Antonio</span> 
     </span>
     <span class='ocr_line' id='line_1_52' title="bbox 1944 3707 3022 3770; baseline 0.003 -16"><span class='ocrx_word' id='word_1_346' title='bbox 1944 3707 2259 3768; x_wconf 87' lang='lat' dir='ltr'>imposuerat.</span> <span class='ocrx_word' id='word_1_347' title='bbox 2304 3708 2417 3755; x_wconf 93' lang='lat' dir='ltr'>Non</span> <span class='ocrx_word' id='word_1_348' title='bbox 2443 3722 2665 3769; x_wconf 87' lang='lat' dir='ltr'>premam</span> <span class='ocrx_word' id='word_1_349' title='bbox 2694 3708 3022 3770; x_wconf 88' lang='lat' dir='ltr'>suspicionem</span> 
     </span>
     <span class='ocr_line' id='line_1_53' title="bbox 1943 3776 3022 3848; baseline 0.003 -15"><span class='ocrx_word' id='word_1_350' title='bbox 1943 3799 2103 3833; x_wconf 82' lang='lat' dir='ltr'>meam</span> <span class='ocrx_word' id='word_1_351' title='bbox 2122 3820 2135 3843; x_wconf 94' lang='lat'>,</span> <span class='ocrx_word' id='word_1_352' title='bbox 2177 3786 2238 3833; x_wconf 89' lang='lat' dir='ltr'>de</span> <span class='ocrx_word' id='word_1_353' title='bbox 2265 3786 2329 3832; x_wconf 86' lang='lat' dir='ltr'>iis</span> <span class='ocrx_word' id='word_1_354' title='bbox 2365 3788 2509 3833; x_wconf 83' lang='lat' dir='ltr'>rebus</span> <span class='ocrx_word' id='word_1_355' title='bbox 2535 3776 2889 3848; x_wconf 76' lang='lat' dir='ltr'>interpolatum</span> <span class='ocrx_word' id='word_1_356' title='bbox 2916 3802 3022 3836; x_wconf 88' lang='lat' dir='ltr'>esse</span> 
     </span>
     <span class='ocr_line' id='line_1_54' title="bbox 1943 3863 3022 3928; baseline 0.003 -17"><span class='ocrx_word' id='word_1_357' title='bbox 1943 3863 2005 3911; x_wconf 86' lang='lat' dir='ltr'>ab</span> <span class='ocrx_word' id='word_1_358' title='bbox 2042 3878 2128 3922; x_wconf 88' lang='lat' dir='ltr'>eo,</span> <span class='ocrx_word' id='word_1_359' title='bbox 2168 3865 2251 3925; x_wconf 90' lang='lat' dir='ltr'>qui</span> <span class='ocrx_word' id='word_1_360' title='bbox 2277 3878 2379 3912; x_wconf 90' lang='lat' dir='ltr'>non</span> <span class='ocrx_word' id='word_1_361' title='bbox 2403 3865 2731 3928; x_wconf 79' lang='lat' dir='ltr'>intelligeret,</span> <span class='ocrx_word' id='word_1_362' title='bbox 2762 3867 2895 3927; x_wconf 84' lang='lat' dir='ltr'>quod</span> <span class='ocrx_word' id='word_1_363' title='bbox 2916 3881 3022 3914; x_wconf 87' lang='lat' dir='ltr'>esse</span> 
     </span>
     <span class='ocr_line' id='line_1_55' title="bbox 1942 3941 3022 4007; baseline 0.003 -17"><span class='ocrx_word' id='word_1_364' title='bbox 1942 3944 2224 3990; x_wconf 89' lang='lat' dir='ltr'>Pronomen</span> <span class='ocrx_word' id='word_1_365' title='bbox 2252 3941 2432 3991; x_wconf 88' lang='lat' dir='ltr'>obiecti</span> <span class='ocrx_word' id='word_1_366' title='bbox 2449 3978 2461 4001; x_wconf 93' lang='lat'>,</span> <span class='ocrx_word' id='word_1_367' title='bbox 2490 3957 2588 4004; x_wconf 91' lang='lat' dir='ltr'>quo</span> <span class='ocrx_word' id='word_1_368' title='bbox 2616 3944 2921 4007; x_wconf 85' lang='lat' dir='ltr'>significetur</span> <span class='ocrx_word' id='word_1_369' title='bbox 2933 3945 3022 3993; x_wconf 84' lang='lat' dir='ltr'>illa</span> 
     </span>
     <span class='ocr_line' id='line_1_56' title="bbox 1939 4019 3019 4083; baseline 0.002 -15"><span class='ocrx_word' id='word_1_370' title='bbox 1939 4019 2149 4069; x_wconf 85' lang='lat' dir='ltr'>facultas</span> <span class='ocrx_word' id='word_1_371' title='bbox 2162 4019 2324 4069; x_wconf 88' lang='lat' dir='ltr'>subito</span> <span class='ocrx_word' id='word_1_372' title='bbox 2351 4022 2652 4083; x_wconf 83' lang='lat' dir='ltr'>disputandi.</span> <span class='ocrx_word' id='word_1_373' title='bbox 2721 4023 2870 4080; x_wconf 84' lang='lat' dir='ltr'>Quod</span> <span class='ocrx_word' id='word_1_374' title='bbox 2897 4022 3019 4070; x_wconf 88' lang='lat' dir='ltr'>huc-</span> 
     </span>
     <span class='ocr_line' id='line_1_57' title="bbox 1940 4101 3017 4162; baseline 0.003 -16"><span class='ocrx_word' id='word_1_375' title='bbox 1940 4111 2095 4160; x_wconf 88' lang='lat' dir='ltr'>usque</span> <span class='ocrx_word' id='word_1_376' title='bbox 2120 4104 2449 4162; x_wconf 84' lang='lat' dir='ltr'>propagatum</span> <span class='ocrx_word' id='word_1_377' title='bbox 2477 4106 2567 4157; x_wconf 85' lang='lat' dir='ltr'>est,</span> <span class='ocrx_word' id='word_1_378' title='bbox 2596 4101 2816 4148; x_wconf 76' lang='lat' dir='ltr'>derebus</span> <span class='ocrx_word' id='word_1_379' title='bbox 2827 4102 3017 4159; x_wconf 84' lang='lat' dir='ltr'>audire,</span> 
     </span>
     <span class='ocr_line' id='line_1_58' title="bbox 1938 4177 2808 4227; baseline 0.001 -2"><span class='ocrx_word' id='word_1_380' title='bbox 1938 4177 2023 4225; x_wconf 86' lang='lat' dir='ltr'>vix</span> <span class='ocrx_word' id='word_1_381' title='bbox 2050 4178 2283 4225; x_wconf 83' lang='lat' dir='ltr'>Latinum</span> <span class='ocrx_word' id='word_1_382' title='bbox 2312 4192 2417 4227; x_wconf 86' lang='lat' dir='ltr'>esse</span> <span class='ocrx_word' id='word_1_383' title='bbox 2444 4178 2565 4225; x_wconf 85' lang='lat' dir='ltr'>mihi</span> <span class='ocrx_word' id='word_1_384' title='bbox 2592 4178 2808 4227; x_wconf 86' lang='lat' dir='ltr'>videtur.</span> 
     </span>
    </p>

    <p class='ocr_par' dir='ltr' id='par_1_11' title="bbox 1936 4254 3018 4630">
     <span class='ocr_line' id='line_1_59' title="bbox 2003 4254 3018 4317; baseline 0.003 -14"><span class='ocrx_word' id='word_1_385' title='bbox 2003 4255 2138 4317; x_wconf 81' lang='lat' dir='ltr'>apud</span> <span class='ocrx_word' id='word_1_386' title='bbox 2172 4256 2245 4303; x_wconf 89' lang='lat' dir='ltr'>M.</span> <span class='ocrx_word' id='word_1_387' title='bbox 2276 4254 2502 4305; x_wconf 77' lang='lat' dir='ltr'>Pisonem</span> <span class='ocrx_word' id='word_1_388' title='bbox 2537 4258 2895 4305; x_wconf 83' lang='lat' dir='ltr'>adolescentem</span> <span class='ocrx_word' id='word_1_389' title='bbox 2920 4259 3018 4306; x_wconf 88' lang='lat' dir='ltr'>iam</span> 
     </span>
     <span class='ocr_line' id='line_1_60' title="bbox 1938 4334 3017 4396; baseline 0.003 -15"><span class='ocrx_word' id='word_1_390' title='bbox 1938 4334 2052 4382; x_wconf 76' lang='lat' dir='ltr'>huie</span> <span class='ocrx_word' id='word_1_391' title='bbox 2075 4334 2241 4382; x_wconf 80' lang='lat' dir='ltr'>studio</span> <span class='ocrx_word' id='word_1_392' title='bbox 2267 4335 2488 4383; x_wconf 82' lang='lat' dir='ltr'>deditum</span> <span class='ocrx_word' id='word_1_393' title='bbox 2504 4370 2516 4393; x_wconf 92' lang='lat'>,</span> <span class='ocrx_word' id='word_1_394' title='bbox 2554 4336 2765 4396; x_wconf 80' lang='lat' dir='ltr'>[summo</span> <span class='ocrx_word' id='word_1_395' title='bbox 2777 4337 3017 4385; x_wconf 75' lang='lat' dir='ltr'>hominem</span> 
     </span>
     <span class='ocr_line' id='line_1_61' title="bbox 1936 4413 3016 4477; baseline 0.004 -18"><span class='ocrx_word' id='word_1_396' title='bbox 1936 4413 2152 4477; x_wconf 79' lang='lat' dir='ltr'>inqenio]</span> <span class='ocrx_word' id='word_1_397' title='bbox 2191 4414 2445 4475; x_wconf 75' lang='lat' dir='ltr'>nostrique</span> <span class='ocrx_word' id='word_1_398' title='bbox 2472 4416 2859 4475; x_wconf 77' lang='lat' dir='ltr'>cupidissimum.</span> <span class='ocrx_word' id='word_1_399' title='bbox 2904 4417 3016 4463; x_wconf 91' lang='lat' dir='ltr'>Non</span> 
     </span>
     <span class='ocr_line' id='line_1_62' title="bbox 1936 4490 3010 4554; baseline 0.004 -16"><span class='ocrx_word' id='word_1_400' title='bbox 1936 4490 2041 4538; x_wconf 89' lang='lat' dir='ltr'>sine</span> <span class='ocrx_word' id='word_1_401' title='bbox 2082 4504 2229 4539; x_wconf 81' lang='lat' dir='ltr'>causa</span> <span class='ocrx_word' id='word_1_402' title='bbox 2267 4491 2521 4540; x_wconf 86' lang='lat' dir='ltr'>offensioni</span> <span class='ocrx_word' id='word_1_403' title='bbox 2557 4492 2653 4541; x_wconf 83' lang='lat' dir='ltr'>fuit</span> <span class='ocrx_word' id='word_1_404' title='bbox 2678 4492 2776 4541; x_wconf 88' lang='lat' dir='ltr'>hoe</span> <span class='ocrx_word' id='word_1_405' title='bbox 2793 4529 2807 4551; x_wconf 90' lang='lat'><em>‚</em></span> <span class='ocrx_word' id='word_1_406' title='bbox 2850 4494 3010 4554; x_wconf 84' lang='lat' dir='ltr'>quod,</span> 
     </span>
     <span class='ocr_line' id='line_1_63' title="bbox 1939 4569 3012 4630; baseline 0.003 -13"><span class='ocrx_word' id='word_1_407' title='bbox 1939 4569 2022 4630; x_wconf 82' lang='lat' dir='ltr'>qui</span> <span class='ocrx_word' id='word_1_408' title='bbox 2059 4569 2207 4618; x_wconf 88' lang='lat' dir='ltr'>modo</span> <span class='ocrx_word' id='word_1_409' title='bbox 2232 4570 2511 4619; x_wconf 81' lang='lat' dir='ltr'>adolescens</span> <span class='ocrx_word' id='word_1_410' title='bbox 2536 4570 2695 4619; x_wconf 87' lang='lat' dir='ltr'>dictus</span> <span class='ocrx_word' id='word_1_411' title='bbox 2724 4576 2855 4620; x_wconf 83' lang='lat' dir='ltr'>esset</span> <span class='ocrx_word' id='word_1_412' title='bbox 2870 4607 2883 4630; x_wconf 92' lang='lat'>,</span> <span class='ocrx_word' id='word_1_413' title='bbox 2914 4576 3012 4620; x_wconf 74' lang='lat' dir='ltr'>sta-</span> 
     </span>
    </p>
   </div>
  </div>
 </body>
</html>
