3242 5500
685 579 725 590 ····
1232 559 1267 602 tx

141 722 237 804 sqq),
258 720 320 781 suis
328 721 461 780 recitatis
477 726 596 783 tantum
612 739 673 782 non
690 721 878 782 demonstrat
894 741 926 781 66
945 739 1016 782 vere
1032 737 1098 780 esse
1113 738 1199 795 eum,
1215 719 1267 797 qui
1328 800 1332 807 .

143 825 335 905 splendidum
359 824 527 902 eloquentis
542 843 653 886 nomen
671 825 750 886 tueri
766 825 877 904 possit:
897 830 928 886 et
943 827 1069 886 fortasse
1086 824 1268 902 ignoscenda

143 935 213 990 sunt
232 948 285 1005 ea,
308 946 385 1008 quae
403 929 435 987 in
452 928 547 988 Bruto
568 928 598 1010 (ᾗ
616 929 684 990 321.
701 929 760 1009 sq.)
778 929 816 988 de
831 947 863 988 se
879 930 1049 1008 praedicat,
1078 929 1143 1007 ipso
1158 928 1268 988 itinere

143 1033 353 1112 disputationis
376 1033 531 1104 invitante.
573 1033 633 1094 Sed
659 1034 692 1092 in
713 1032 799 1092 libris
826 1033 872 1093 De
896 1031 1041 1108 Oratore,
1072 1032 1103 1092 id
1122 1032 1216 1092 estin
1232 1051 1268 1092 eo

143 1156 303 1213 sermone,
335 1155 426 1215 quem
449 1156 482 1197 se
506 1155 599 1216 puero
621 1137 759 1197 habitum
775 1137 879 1215 fingit,
908 1155 999 1215 aegre
1015 1137 1078 1197 fero
1097 1136 1215 1216 quoties
1233 1154 1269 1196 ea

143 1240 384 1320 colloquentibus
408 1240 466 1300 illis
490 1240 583 1300 tribui
599 1241 822 1317 animadverto,
839 1240 948 1319 quibus
965 1241 1127 1301 manifesto
1147 1241 1269 1318 auguri-

141 1365 195 1406 um
210 1344 361 1425 quoddam
377 1345 567 1404 oontineatur
584 1344 709 1422 gloriae,
728 1363 820 1423 quam
839 1344 945 1405 Cicero
963 1350 1031 1423 post
1050 1344 1117 1404 illos
1133 1349 1269 1406 mortuos

144 1451 311 1528 adepturus
330 1454 417 1508 esset.
459 1446 545 1518 Quod
561 1449 642 1509 enim
657 1449 704 1510 vel
723 1449 873 1524 Antonio,
894 1448 941 1508 vel
958 1447 1066 1508 Crasso
1084 1449 1189 1508 deerat
1210 1467 1270 1527 quo

144 1553 247 1614 minus
264 1553 389 1632 perfecti
408 1557 509 1612 essent
528 1558 674 1628 oratores,
684 1554 715 1612 id
730 1571 790 1612 non
806 1553 932 1613 obscure
947 1552 1105 1631 aliquoties
1121 1553 1271 1631 significat

145 1676 177 1718 se
194 1662 368 1717 assecutum
387 1674 453 1716 esse
479 1656 570 1736 (conf.
587 1657 609 1716 I.
630 1657 645 1738 ᾖ
666 1657 713 1718 79.
729 1657 776 1718 95.
794 1657 831 1716 II.
849 1655 865 1738 ᾗ
883 1657 952 1717 365.
969 1656 1021 1715 ΙΠ.
1039 1655 1054 1737 5
1071 1655 1120 1716 51.
1136 1657 1184 1716 95.
1200 1656 1269 1717 126.

145 1760 214 1822 187.
232 1760 314 1842 2181
333 1778 461 1838 quorum
479 1761 615 1822 omnium
631 1762 707 1822 nihil
723 1768 788 1822 erat
805 1762 885 1840 quod
901 1781 1000 1830 sermo
1016 1761 1080 1839 ipse
1088 1762 1270 1841 postularet,

145 1883 278 1944 eumque
293 1864 422 1925 deceret.

186 1969 256 2030 Non
271 1974 344 2047 puto
358 1969 448 2028 huius
466 1969 528 2028 sive
544 1968 675 2044 fraudis,
687 1970 749 2029 sive
768 1969 888 2029 artificii
905 1975 1060 2029 auctorem
1079 1969 1108 2029 ei
1125 1970 1270 2032 exsistere

145 2073 279 2155 potuisse
298 2072 345 2133 vel
363 2071 533 2148 Platonem,
555 2072 602 2132 vel
620 2071 829 2148 Aristotelem,
850 2091 978 2151 quorum
999 2079 1063 2132 tam
1083 2074 1271 2152 ingenuitate

145 2179 347 2253 delectamur,
376 2195 468 2255 quam
494 2175 653 2255 eloquendi
677 2176 835 2254 elegantia.
878 2176 944 2248 Quo
960 2177 1057 2255 magis
1076 2183 1180 2238 autem
1195 2181 1271 2258 opti-

146 2301 216 2344 mus
234 2287 301 2342 trun
317 2280 468 2359 cogitandi
484 2287 549 2341 tum
566 2279 684 2340 dicendi
701 2280 809 2340 artifex
828 2279 968 2340 omnibus
977 2283 1183 2342 commendari
1196 2284 1272 2343 solet

148 2386 200 2466 qpi
226 2387 257 2445 in
285 2385 393 2445 eadem
416 2390 481 2445 arte
505 2384 658 2444 elaborare
675 2402 783 2463 operae
799 2384 932 2462 pretium
949 2384 1075 2461 ducunt,
1104 2391 1189 2446 tanto
1205 2387 1271 2446 dili-

148 2490 269 2570 gentius
292 2507 388 2568 pauca
407 2488 479 2548 vitia
495 2489 527 2548 in
546 2495 610 2548 tam
628 2487 737 2548 illustri
755 2488 893 2567 exemplo
911 2490 1108 2550 monstranda
1123 2496 1210 2567 sunt,
1240 2493 1271 2551 in

146 2594 257 2674 quibus
275 2593 435 2654 connivere
451 2593 583 2652 hominis
600 2598 646 2652 est
663 2591 745 2652 nullo
761 2591 863 2652 nativo
878 2610 970 2651 sensu
981 2593 1109 2671 praediti
1117 2595 1182 2655 eius
1190 2598 1271 2674 quod

148 2699 263 2760 deceat.
284 2696 416 2758 Omnino
435 2715 495 2757 non
506 2697 578 2757 satis
588 2714 652 2757 esse
660 2695 805 2773 arbitror,
826 2714 1011 2775 quamquam
1019 2716 1074 2777 per
1082 2716 1114 2759 se
1124 2717 1270 2779 magnum

148 2809 180 2864 61
198 2802 318 2863 difficile
334 2807 393 2878 est,
411 2801 647 2879 unumquodque
666 2801 703 2860 de
719 2800 984 2879 praestantissimis
1000 2808 1137 2863 veterum
1153 2803 1272 2883 scriptis

147 2913 231 2967 recte
248 2911 278 2966 et
294 2905 424 2965 scienter
441 2905 633 2984 interpretari
642 2925 650 2979 3
672 2905 726 2965 sed
741 2923 846 2964 eorum
864 2905 1071 2983 potissimum,
1093 2908 1145 2986 qui
1162 2909 1272 2969 oratio·

147 3012 195 3071 nis
219 3010 360 3071 facultate
384 3010 426 3069 ita
453 3008 673 3085 excelluerunt,
689 3014 724 3069 ut
753 3010 798 3069 sui
826 3016 857 3069 et
874 3010 986 3088 proprii
1004 3010 1119 3089 ingenii
1137 3019 1225 3085 notas
1241 3020 1272 3075 61

147 3116 234 3195 quasi
257 3114 451 3194 praecipuum
475 3114 680 3174 characterem
708 3114 740 3173 in
767 3112 908 3192 operibus
928 3131 1104 3192 expressam
1120 3114 1272 3194 relinque-

146 3226 234 3295 rent,
255 3218 325 3281 data
346 3237 436 3297 opera
453 3218 667 3296 expendendae
686 3218 819 3296 primum
834 3223 906 3278 sunt
923 3217 1059 3296 singulae
1078 3219 1272 3298 scriptiones,

146 3343 277 3405 quarum
294 3328 325 3383 61
342 3328 549 3401 susceptarum
565 3321 722 3381 consilium
739 3328 770 3381 et
785 3322 1006 3401 opportunitas,
1023 3327 1055 3383 et
1069 3325 1272 3402 perfectarum

145 3429 250 3489 laudes
273 3426 496 3506 ponderentur,
518 3431 584 3485 turn
608 3425 756 3487 acerrime
782 3425 1002 3486 attendendum
1027 3427 1122 3488 sicubi
1147 3430 1272 3509 scripto-

147 3552 197 3594 res
223 3530 432 3593 aberraverint
458 3530 496 3589 ab
521 3548 556 3590 eo
583 3530 663 3608 quod
678 3548 802 3606 verum,
831 3530 912 3609 quod
929 3536 1047 3591 rectum
1064 3538 1095 3591 et
1110 3532 1272 3594 honestum

148 3644 237 3699 66661.
280 3635 354 3711 Sed,
371 3653 411 3695 ne
430 3633 557 3694 ulterius
576 3633 743 3714 digrediar,
764 3633 856 3694 redeo
873 3634 912 3693 ad
927 3634 1000 3694 illud
1017 3634 1154 3695 Caesaris
1169 3638 1206 3696 de
1223 3638 1273 3699 Ci-

149 3760 259 3804 cerone
274 3739 483 3802 testimonium
499 3737 531 3796 in
549 3737 643 3797 Bruto
659 3738 677 3797 l.
698 3757 722 3797 c.
737 3738 920 3817 appositum,
940 3744 975 3799 ut
989 3740 1126 3800 inscitiae
1141 3740 1231 3802 simul
1242 3749 1274 3803 et

148 3844 350 3925 negligentiae
375 3842 529 3923 specimen
547 3841 705 3901 ostendam
721 3841 753 3901 in
768 3840 867 3901 Plinio
887 3842 925 3901 H.
941 3843 978 3902 N.
996 3843 1060 3903 VH.
1077 3845 1118 3905 30
1135 3844 1202 3926 (31)
1212 3846 1272 3906 117

150 3952 257 4032 (quem
285 3949 385 4009 locum
409 3966 428 4007 a
443 3945 588 4007 Pideritio
604 3944 680 4005 nihil
698 3944 861 4023 suspicanti
879 3947 1049 4025 appositum
1066 3949 1098 4007 in
1113 3968 1157 4028 pr.
1175 3951 1274 4011 Intro-

149 4054 300 4116 ductionis
323 4052 362 4113 ad
389 4050 481 4111 libros
508 4050 553 4110 De
571 4047 710 4125 Oratore,
732 4050 903 4111 describere
922 4050 1049 4111 hicnon
1068 4053 1204 4135 attinet),
1222 4058 1274 4136 qui

150 4179 188 4219 ex
202 4158 251 4219 his
268 4156 356 4217 Bruti
372 4154 484 4230 verbiS,
505 4158 577 4215 tuito
590 4154 711 4230 plurium
726 4155 961 4229 testimoniumque
981 4158 1112 4216 01611111
1130 4164 1195 4217 tuue
1213 4162 1275 4234 qui-

150 4266 208 4322 dem
225 4261 516 4338 supplicamentum,
536 4260 585 4317 red
599 4258 747 4332 triumphis
765 4261 908 4316 multorum
925 4266 1075 4336 antepono,
1093 4262 1190 4321 effecit
1200 4262 1275 4323 Cae·

153 4386 251 4427 sarem
270 4366 371 4445 ipsaun
390 4363 544 4442 scripsisse
561 4362 737 4422 Ciceronem
756 4363 872 4421 omnium
890 4363 1090 4437 triumphorum
1104 4368 1202 4425 taurea
1215 4387 1274 4427 mu-

152 4472 234 4532 ioreiu
260 4488 339 4543 esse,
371 4486 525 4549 qumnque
552 4466 663 4530 Caesar
682 4465 855 4547 'scripsisset
876 4484 947 4528 eum
970 4471 1034 4528 1111
1056 4470 1091 4529 de
1114 4472 1220 4532 uouuiue
1241 4495 1276 4535 uo
