3242 5500
405 542 475 608 368
736 557 849 606 inane
875 559 1046 609 unumne.
1076 545 1094 622 §
1120 541 1201 609 me.

451 731 572 805 multis
603 756 680 803 eunt
710 729 823 803 niudis
852 730 1120 814 circumuentae,
1155 730 1286 812 inorbo,
1313 731 1441 817 arsitia,
1464 748 1508 806 atv

500 865 563 936 que
584 839 727 936 iuopia:

451 963 525 1023 tum
548 974 658 1043 pauor
689 947 899 1043 sapientiam
933 973 1068 1022 omnem
1096 949 1147 1021 mi
1183 950 1380 1024 inanimato
1408 977 1506 1044 aepre-

501 1072 612 1131 terat:

448 1170 537 1242 alter
566 1166 752 1241 terribilem
782 1165 970 1240 minitatur
998 1167 1089 1240 uitae
1120 1167 1314 1241 emaciatum
1335 1183 1367 1242 et
1387 1193 1504 1242 meent:

448 1301 535 1372 quae
563 1301 662 1350 mma
690 1289 740 1349 eet
768 1290 842 1349 tam
868 1275 978 1372 firmo
999 1275 1151 1372 inuenio,
1177 1291 1209 1350 et
1232 1290 1333 1351 tanta
1352 1278 1505 1373 confidun-

499 1387 567 1467 tia,

448 1495 533 1592 quin
566 1495 720 1593 refugiunt
745 1493 867 1568 timida
887 1519 1054 1590 autequam,
1080 1508 1183 1591 atque
1204 1495 1393 1568 inalbescat
1415 1509 1501 1568 metu.

327 1694 374 1737 em
399 1667 509 1739 Aliud
544 1668 616 1752 vie,
654 1673 880 1750 contentum,
916 1664 1122 1751 vehemene,
1157 1666 1347 1738 imminens
1369 1666 1502 1762 quadem

400 1777 605 1848 incitatione
627 1775 826 1870 gravitatis:

448 1935 573 2006 iterum
611 1932 768 2029 diruistis
790 1931 935 2003 Atreum
958 1945 1189 2004 attractatam
1209 1934 1368 2006 aduenit:

447 2044 573 2116 iterum
598 2041 670 2113 iam
692 2041 894 2138 aaareditur
914 2067 980 2122 rua
1005 2055 1038 2113 et
1058 2042 1211 2137 quietam
1229 2043 1420 2116 aasuseitat.

447 2152 560 2224 maiar
578 2151 800 2232 mirimodis,
826 2149 939 2223 maius
961 2150 1172 2223 miscendum
1191 2149 1232 2224 ’et
1255 2154 1404 2239 nmium,

446 2262 507 2358 qui
531 2261 626 2335 illiue
648 2259 808 2333 acerbum
828 2283 887 2331 eor
908 2259 1118 2333 contundam
1139 2274 1170 2334 et
1190 2262 1422 2357 comprimam.

397 2432 508 2505 Aliud
548 2432 730 2526 volupiae,
775 2431 946 2517 effusum,
986 2431 1086 2516 lene,
1121 2441 1303 2519 tenerum,
1334 2431 1498 2506 hilaratum

397 2568 436 2614 ue
461 2541 665 2613 remissum:

445 2700 507 2774 sed
526 2699 613 2774 midi
637 2723 743 2797 quum
764 2698 878 2773 tetul't
898 2723 1060 2771 caranum
1081 2698 1119 2773 ab
1139 2700 1498 2799 eailiqaudaeuuptiu,

447 2809 512 2883 tibi
555 2804 715 2904 ferebam
760 2834 867 2903 quum
907 2807 1093 2882 simulabat
1135 2835 1169 2883 se
1213 2810 1279 2883 eidi
1323 2811 1392 2886 iam
1417 2808 1498 2907 faris

495 2920 593 3000 dara,

447 3044 520 3102 tum
540 3028 590 3101 ad
609 3041 640 3099 te
661 3025 851 3100 ludibunda
871 3026 965 3099 docte
990 3040 1021 3099 et
1042 3026 1184 3100 delicate
1207 3027 1337 3103 detulit.

397 3199 508 3272 Aliud
543 3198 720 3283 molestia,
758 3197 833 3268 sine
868 3198 1168 3270 commiseratione
1191 3224 1296 3295 grave
1320 3200 1497 3297 quoddam,

396 3320 523 3381 etune
550 3333 672 3405 pressu
695 3332 734 3378 ae
760 3332 846 3379 sono
866 3306 1077 3380 obductum:

446 3495 515 3564 qua
546 3479 745 3564 tempestate
775 3466 947 3539 Helenam
972 3465 1083 3540 Paria
1112 3467 1272 3563 innuptis
1294 3469 1408 3544 iuuait
1427 3494 1496 3563 nup·

495 3593 571 3659 tue,

394 3797 689 3811 -,„.......—.-..-

429 3954 487 3999 220.
506 3953 611 3997 laterum
624 3950 797 4011 iufleaimoe-.
808 3949 934 3999 Credibile
978 3952 1065 4015 pediu,
1085 3964 1174 4011 nempe
1187 3948 1303 4012 subsequi
1319 3951 1397 4000 debet.

396 4047 445 4079 non
468 4038 505 4078 est
522 4029 558 4076 sie
571 4028 633 4075 haee
645 4027 808 4090 intelligenda
823 4043 890 4085 esse,
906 4038 934 4077 ut
1015 4044 1102 4077 manue
1121 4030 1203 4075 autem
1223 4032 1306 4077 minue
1325 4034 1411 4092 aryuta
1429 4031 1499 4091 diuite
1582 4024 1583 4083 ξ

395 4111 467 4159 uerba
485 4108 661 4167 caprimaatur
674 4108 932 4169 lateraminfleaione.
981 4110 1127 4169 euhoequene
1149 4134 1191 4154 —-.
1226 4110 1265 4156 De
1287 4115 1358 4171 gestu
1376 4124 1422 4157 nna
1439 4122 1497 4170 prae·

396 4188 481 4236 Potius
514 4190 551 4234 est
585 4191 614 4233 ut
644 4200 768 4232 sumamus
802 4186 871 4232 idam
898 4187 932 4233 ai·
981 4186 1095 4247 ceptione
1108 4184 1228 4244 absolvit,
1250 4202 1314 4247 quae
1328 4189 1406 4236 finitur
1417 4188 1439 4235 iu
1451 4200 1496 4233 ver·

394 4265 576 4327 quarratam
603 4263 719 4324 explicari
748 4264 933 4312 enumeratione
981 4263 1018 4313 bis
1039 4266 1084 4311 aut
1098 4264 1226 4326 flateudie.
1263 4266 1312 4314 Sed
1333 4265 1457 4314 abiicienda
1468 4270 1498 4311 est

396 4359 495 4400 eorum,
510 4341 597 4403 quibus
611 4347 694 4404 gestus
706 4344 874 4403 perficeretur,
890 4357 934 4403 per
983 4343 1129 4391 Coniunctio
1143 4345 1240 4390 autem:
1255 4350 1323 4400 tum,
1338 4344 1416 4405 quaeri
1422 4348 1497 4404 potest,

395 4422 579 4477 Nominativos;
594 4427 621 4467 ut
632 4421 767 4482 legendum
778 4420 818 4477 sit,
827 4422 933 4467 laterum
982 4435 1058 4481 quum
1086 4421 1167 4469 minue
1186 4425 1277 4481 oruata
1298 4424 1396 4480 dieitur,
1415 4421 1496 4475 minus,
1581 4406 1582 4423 ³

396 4502 497 4561 inflario
516 4501 575 4547 haee
588 4498 673 4558 sortia
691 4512 721 4545 aa
739 4500 820 4547 virilia
838 4526 884 4554 -,
906 4503 934 4547 ut
982 4514 1055 4562 quam
1076 4499 1152 4560 quid?
1187 4501 1367 4564 Distinguendo
1383 4498 1496 4548 etiamistn

396 4594 455 4625 mox
468 4592 568 4633 vaenue,
584 4582 608 4624 et
621 4576 758 4635 mactatum,
774 4584 798 4626 et
812 4579 934 4637 supplanto
982 4579 1274 4639 corruperuntEditores.
1293 4579 1439 4644 Legendurn:
1452 4591 1494 4622 rra·
