3242 5500
453 568 566 615 iiluna
593 568 762 618 suarius.
792 556 809 635 §
836 554 893 621 39.
976 637 979 643 ¹
1167 554 1236 625 287
1299 584 1302 589 ·

107 751 273 837 poterant
297 766 356 828 ea,
383 766 473 839 quae
497 740 682 827 dicebant,
709 767 830 815 omnes
860 768 969 839 prope
988 744 1162 840 praeclare
1187 747 1236 818 lo·

106 853 202 925 cuti:
233 876 384 947 quorum
410 875 569 923 sermone
594 852 779 924 assuefacti
805 854 1005 947 quierunt,
1032 877 1076 924 ue
1093 855 1236 951 cupian-

107 972 162 1033 tes
187 962 333 1057 quidem
356 970 520 1058 poterunt
540 962 658 1057 loqui,
686 962 754 1033 nisi
781 961 918 1035 Latine.
972 965 1098 1065 Neque
1119 973 1236 1036 tamen

107 1071 178 1143 erit
203 1071 386 1169 ufflum.
402 1070 518 1163 uerbis
532 1072 605 1157 im,
621 1070 759 1167 „quibus
784 1073 854 1144 iam
880 1074 1238 1161 consuetudo-nostra

108 1205 182 1251 uon
217 1181 329 1252 utitur
380 1182 449 1252 nisi
500 1181 617 1252 uando
642 1206 681 1252 or
754 1182 790 1253 di
816 1208 939 1269 caus,
991 1208 1067 1255 aree
1102 1178 1129 1278 l,
1143 1184 1236 1279 quod

107 1277 337 1386 ostendam];
374 1281 436 1362 s'ed
469 1291 622 1363 usitatis
643 1292 691 1363 ita
721 1293 851 1387 poterit
873 1294 947 1377 uti,
974 1293 1172 1365 lectissimis
1198 1303 1238 1365 ut

108 1408 232 1471 utatur
256 1401 307 1486 ie,
334 1402 395 1496 qui
421 1402 457 1472 in
483 1400 659 1473 veteribus
683 1402 747 1472 erit
765 1402 904 1498 scriptis
922 1402 1078 1475 studiose
1095 1412 1130 1475 et
1148 1403 1237 1475 mul-

108 1517 189 1581 tum
216 1510 405 1615 st.

157 1622 298 1716 Atque,
329 1629 368 1692 ut
401 1620 527 1693 Latine
562 1622 765 1717 loquamur,
801 1646 871 1692 non
907 1622 1020 1694 solum
1047 1622 1236 1694 videndum
1266 1634 1306 1699 ll

108 1740 163 1802 est
207 1739 248 1802 ut
282 1738 317 1801 et
349 1730 454 1802 verba
484 1730 668 1802 efferamus
694 1755 753 1816 ea,
780 1755 870 1827 quae
895 1756 999 1803 nemo
1023 1733 1099 1804 iure
1123 1758 1237 1828 repre·
1263 1760 1295 1805 ro

108 1839 262 1926 hendat‚
289 1847 324 1912 et
349 1864 389 1911 aa
415 1842 463 1912 sic
490 1848 524 1911 et
549 1840 710 1926 casibus,
737 1848 772 1911 et
791 1841 1025 1936 temporibus,
1046 1852 1237 1938 ctgenere,

108 1958 143 2021 et
184 1974 333 2022 numero
366 1974 630 2036 conservemus,
667 1959 705 2022 ut
740 1974 784 2021 ne
818 1952 903 2047 quid
929 1952 1173 2047 perturbatum
1199 1977 1237 2023 ac

108 2060 334 2156 discrepans,
373 2068 434 2132 aut
469 2069 729 2156 praeposterum
764 2060 809 2132 sit
822 2094 830 2146 ;
866 2060 927 2132 sed
961 2063 1065 2133 etiam
1092 2062 1233 2157 lingua,

108 2178 143 2241 et
172 2170 340 2266 spiritua,
368 2179 401 2242 et
425 2173 517 2243 vocis
544 2196 649 2242 sonus
676 2179 728 2243 est
753 2171 828 2266 ipse
853 2171 1098 2243 moderandus.
1144 2171 1236 2243 Nolo
1278 2186 1307 2231 41
1375 2179 1378 2185 '

108 2278 262 2375 exprimi
295 2280 411 2352 literas
444 2280 623 2376 putidius,
657 2281 738 2351 nolo
768 2279 945 2353 obscurari
976 2282 1233 2377 negligentius,

108 2389 193 2459 nolo
228 2387 333 2460 verba
370 2390 506 2462 exiliter
543 2392 741 2462 exanimata
778 2392 892 2476 exire,
931 2392 1011 2462 nolo
1045 2392 1166 2463 inflata
1201 2399 1235 2462 et

107 2498 213 2594 quasi
239 2498 402 2571 anhelata
426 2500 584 2595 gravius:
611 2525 692 2571 nam
718 2499 762 2570 de
786 2524 869 2572 voce
896 2500 1052 2572 noudum
1078 2526 1119 2572 ea
1143 2501 1233 2586 dice,

108 2632 203 2704 quae
239 2617 322 2680 sunt
348 2609 511 2695 actionis,
539 2611 600 2682 sed
625 2609 710 2696 hoc,
737 2610 833 2705 quod
858 2610 945 2681 mihi
970 2636 1050 2682 cum
1077 2635 1235 2683 sermone
1427 2647 1464 2716 q

110 2714 248 2825 [ωε-ἰ]
290 2720 517 2793 coniunctum
556 2720 714 2793 videtur:
753 2729 836 2793 sunt
873 2720 967 2793 enim
1001 2731 1095 2795 certa
1129 2721 1233 2808 vitia,
1288 2691 1445 2808 nacit-

106 2855 199 2926 quae
234 2854 338 2902 nemo
371 2840 442 2916 est,
477 2831 562 2926 quin
599 2831 751 2927 effugere
776 2831 914 2926 cupiat,
942 2832 1057 2904 mollis
1081 2857 1168 2917 vox,
1195 2841 1235 2903 ut

106 2939 312 3026 muliebris,
349 2952 408 3012 aut
445 2941 545 3035 quasi
579 2949 676 3013 extra
709 2940 853 3012 modum
887 2940 1018 3013 absona
1042 2949 1148 3038 atque
1173 2942 1233 3013 ab·

106 3276 190 3332 rima,
207 3287 254 3320 non
268 3271 380 3332 confinis
391 3271 517 3332 personis,
532 3285 580 3318 non
587 3283 648 3332 per-
698 3273 804 3320 aetionis
842 3271 941 3320 Rectius
954 3272 1089 3320 secundum
1103 3275 1236 3322 nonnullos

108 3353 210 3400 turbato
230 3350 340 3411 ordinel:
362 3355 499 3412 postremo,
522 3351 650 3398 sicuritas
697 3348 773 3398 libros
787 3349 915 3398 omittitur.

107 3431 246 3486 dicerem,
268 3429 400 3478 dicendum
425 3429 511 3478 fuisset
522 3429 651 3492 peceribus
733 3430 803 3490 qnasi
824 3431 899 3476 entra
918 3430 1015 3476 modum
1032 3431 1128 3476 absona.
1164 3431 1234 3479 Pide·

108 3511 133 3555 εἰ
154 3510 274 3556 numeris.
309 3507 409 3556 Reiecta
421 3507 495 3570 igitur
508 3508 551 3555 illa
564 3507 650 3568 putida
698 3507 767 3554 titius
795 3522 851 3555 cum
880 3507 917 3555 his
938 3507 1045 3554 conferri
1065 3506 1134 3556 iubet
1157 3509 1234 3567 infra,

108 3587 248 3650 diligentia,
263 3585 325 3634 nihil
338 3585 649 3647 inhisprobandumvide-
700 3589 712 3643 ξ
737 3585 781 3635 171
805 3591 831 3634 et
850 3585 910 3642 173,
925 3583 967 3632 ubi
981 3587 1138 3647 appellantur
1151 3587 1237 3635 modun

108 3673 149 3714 tur
161 3670 261 3728 practer
273 3665 348 3723 haec,
362 3665 649 3713 eteaaeeonurnamn.
674 3694 676 3769 p
699 3665 725 3710 et
733 3665 822 3724 forma
836 3666 970 3712 annornm.
996 3665 1045 3712 Sed
1058 3679 1108 3712 non
1123 3666 1236 3724 attendit,

144 3747 184 3792 41.
212 3745 267 3792 noh
293 3745 365 3794 verba
389 3743 490 3791 animer
510 3743 651 3791 exanimata
698 3742 744 3790 ista
769 3743 818 3790 dici
838 3743 868 3790 de
889 3744 1072 3790 continuatione
1091 3745 1235 3792 amborum.-

110 3825 188 3870 ena're.
216 3823 290 3881 Quod
300 3825 418 3871 Ernestus
430 3821 580 3885 corrigebat,
596 3823 649 3870 ani·
698 3826 752 3869 tum
772 3820 834 3869 haec
854 3822 920 3882 ipsa,
943 3825 955 3879 ξ
980 3821 1039 3880 174,
1061 3823 1175 3886 designat
1187 3825 1235 3880 ita,

111 3904 191 3958 maia,
212 3902 239 3948 in
260 3901 344 3962 primis
364 3900 524 3963 improprium
546 3905 596 3959 est,
618 3900 649 3947 si·
699 3905 727 3948 nt
746 3900 795 3948 sint
814 3900 839 3947 in
861 3915 943 3949 vocum
961 3899 1025 3964 (non
1039 3901 1112 3964 voca)
1126 3904 1237 3950 modern-

110 3979 210 4039 quidem
226 3981 297 4028 nullo
310 3979 384 4028 modo
397 3978 501 4028 verbum
515 3979 651 4026 animatum
701 3978 766 4026 itone
786 3983 812 4028 et
831 3979 856 4025 in
877 3980 1004 4028 verborum
1027 3982 1180 4029 conclusione
1192 3997 1236 4043 po·

111 4058 159 4106 diei
171 4063 263 4120 potest.
284 4057 396 4108 Scribere
409 4059 490 4120 potuit
502 4059 589 4107 Cicero
597 4059 650 4105 eni·
700 4056 753 4104 sita¹
780 4058 860 4120 Igitur
873 4057 914 4106 hie
928 4058 1014 4106 modun
1025 4059 1130 4122 intelligi
1143 4061 1239 4130 nequit,

113 4138 171 4184 liter
191 4139 275 4196 enine,
297 4137 313 4185 i.
336 4153 358 4186 e.
378 4141 503 4199 tamquam
523 4137 576 4186 sine
590 4151 651 4185 sono
700 4133 743 4183 ubi
764 4136 795 4184 de
815 4137 891 4197 ipsius
911 4139 975 4185 meta
995 4143 1020 4186 et
1041 4138 1094 4186 soni
1108 4153 1199 4201 genere
1213 4140 1236 4186 in

112 4215 277 4275 pronuntiari:
293 4216 397 4264 ornandi
411 4215 650 4264 causaaddiditena-
700 4215 884 4275 pronuntiando
904 4230 985 4264 sermo
999 4226 1047 4266 cst:
1066 4232 1190 4278 quumque
1204 4219 1238 4266 ita

113 4295 220 4352 animata,
236 4295 318 4356 quasi,
333 4295 465 4342 exstincta.
485 4294 651 4352 1nfra‚§216,
701 4296 775 4341 entra
795 4293 892 4342 modum
912 4295 975 4343 nihil
993 4295 1060 4343 aliud
1073 4297 1118 4354 sit,
1140 4297 1186 4344 nisi
1199 4298 1237 4343 ni-

112 4375 274 4420 entennatnm
288 4373 421 4435 opponitur
434 4374 529 4435 inflato.
701 4371 775 4419 mium
790 4371 830 4436 (ut
842 4373 914 4421 Offic.
930 4375 950 4420 Ι.
966 4378 978 4432 5
996 4373 1068 4438 140),
1084 4377 1153 4422 nullo
1164 4377 1238 4424 modo

146 4467 200 4499 mm
227 4467 339 4500 sermone
368 4453 461 4514 [qnasi]
488 4451 651 4499 coniunctum.
676 4451 678 4495 Ι
700 4451 832 4498 ferendum
847 4456 884 4500 est
897 4453 1064 4514 praepositum
1078 4455 1140 4500 illud
1155 4458 1237 4515 quasi,

114 4531 190 4587 Quid,
213 4545 317 4591 quaeso,
340 4536 376 4579 est
394 4532 463 4592 qnasi
477 4529 653 4579 coniunctum?
702 4530 768 4591 quod
781 4531 955 4594 corrigendum
964 4533 1082 4593 suspicor,
1097 4535 1236 4596 utlagatur,

115 4609 189 4656 llodo
212 4615 279 4658 certe
299 4625 348 4658 non
364 4609 424 4657 dixit
437 4625 498 4671 puae
512 4610 582 4671 pansi
595 4608 654 4656 sant
677 4646 679 4654 ,
703 4625 763 4670 qnae
780 4612 821 4656 sii.

709 4803 751 4836 ,ι’
769 4779 827 4862 “ti

810 4868 815 4885 l

809 4881 868 4954 ‘s‘
