3242 5500
475 525 592 583 vcmm
618 527 757 578 urruns
784 510 802 590 §
829 509 886 580 59.
1194 511 1240 584 at

117 699 244 770 fectum
268 721 343 769 esse
366 719 447 770 eum
475 693 647 793 [dicam]‚
679 698 741 794 qui
763 697 808 772 de
829 700 994 774 omnibus
1016 699 1127 797 possit
1149 700 1241 774 varie

118 809 324 904 copioseque
349 805 473 882 dicere.
685 816 687 820 ’
1121 877 1125 885 .

161 915 302 990 Etenim
322 940 425 1012 saepe
445 916 482 990 in
505 914 548 990 iis
568 916 703 1003 causis,
730 940 819 1012 quas
839 941 962 992 omnes
985 919 1143 1016 proprias
1165 944 1240 995 esse
1268 928 1313 995 14

115 1034 290 1102 oratorum
323 1025 555 1112 confitentur,
593 1033 646 1098 est
676 1025 832 1123 aliquid,
869 1028 966 1122 quod
994 1053 1065 1101 non
1101 1053 1144 1100 ex
1173 1053 1242 1106 usu

114 1135 264 1222 forensi,
298 1158 404 1230 quem
432 1134 545 1208 solum
573 1135 769 1210 oratoribus
791 1137 1003 1224 conceditis,
1030 1138 1092 1213 sed
1111 1163 1154 1210 ex
1177 1137 1238 1210 ob·

114 1245 264 1318 scuriore
275 1244 392 1340 alique
403 1244 548 1318 scientia
560 1245 605 1326 sit
617 1244 852 1341 promendum
862 1253 967 1343 atquo
975 1248 1237 1333 assumendum.

115 1357 253 1432 Quaero
281 1353 397 1442 onim,
424 1378 511 1428 num
531 1355 642 1450 possit
662 1362 722 1427 aut
742 1362 864 1428 contra
886 1356 1154 1454 imperatorem,
1180 1364 1241 1430 aut
1282 1371 1312 1416 ⁶0

113 1490 174 1562 pro
206 1465 415 1560 imperatore
448 1463 541 1551 diei,
574 1463 649 1536 sine
678 1465 728 1542 rei
749 1465 933 1552 militaris,
969 1474 1029 1542 aut
1049 1491 1153 1563 saepe
1175 1467 1237 1540 eti-
1276 1518 1278 1521 -

113 1599 166 1648 am
197 1574 275 1648 sine
302 1573 488 1669 regionum
517 1574 736 1648 terrestrium
768 1582 830 1650 aut
850 1576 1104 1650 maritimarum
1129 1572 1239 1649 soien-

112 1684 181 1756 tiaP
207 1707 296 1758 num
319 1681 414 1779 apud
438 1683 609 1780 populum
632 1682 676 1757 de
696 1682 836 1778 legibus
857 1683 1022 1759 iubendis
1041 1693 1103 1758 aut
1119 1694 1237 1758 vetan·

113 1793 190 1866 dis?
218 1817 307 1868 num
327 1793 365 1866 in
386 1799 512 1868 senatu
531 1793 575 1866 de
594 1793 692 1866 omni
714 1793 765 1865 rei
785 1792 947 1889 publicae
967 1819 1095 1890 genere
1119 1791 1237 1892 [dici]‚

113 1903 185 1976 sine
220 1927 359 1994 summa
390 1927 507 1976 rerum
541 1902 696 1977 civilium
727 1902 929 1998 cognitione
961 1912 996 1976 et
1021 1905 1238 2001 prudentia?

112 2037 197 2086 num
232 2012 408 2086 admoveri
439 2012 551 2108 possit
570 2014 681 2086 oratio
703 2013 893 2087 adsensus
913 2014 1110 2087 animorum
1132 2023 1239 2113 atque

112 2129 228 2196 motus
251 2122 305 2195 vel
328 2122 597 2198 inflammandos
619 2123 674 2196 vel
692 2123 798 2196 etiam
811 2124 1103 2218 exstinguendos,
1128 2125 1239 2222 (quod

112 2257 223 2306 unum
256 2231 294 2306 in
325 2239 462 2308 oratore
492 2232 734 2320 dominatur),
773 2233 848 2310 sine
869 2233 1140 2330 diligentissima
1158 2260 1236 2332 por·

112 2342 344 2438 vestigatione
377 2366 496 2414 earum
526 2342 684 2414 omniurn
705 2342 902 2429 rationum,
930 2367 1019 2439 quoe
1039 2343 1083 2415 do
1103 2345 1238 2417 naturis

113 2449 260 2524 humani
290 2452 428 2549 generis
463 2477 502 2524 ac
529 2450 691 2524 moribus
712 2477 731 2525 a
751 2451 970 2550 philosophis
991 2453 1238 2551 explicantur?

110 2559 231 2656 Atque
256 2559 352 2635 haud
382 2561 473 2648 scio,
502 2585 547 2634 an
569 2561 687 2634 minus
713 2561 778 2634 hoc
798 2561 896 2634 vobis
918 2563 983 2636 sim
1005 2563 1237 2658 probaturus3

111 2670 276 2767 equidem
307 2695 378 2742 non
410 2671 533 2744 dubito
568 2670 663 2769 quod
696 2673 808 2744 sentio
840 2671 972 2745 dicere:
1005 2673 1149 2770 physica
1171 2674 1239 2746 ista

110 2781 207 2879 ipsa,
248 2788 282 2855 ot
312 2781 580 2869 mathematica,
613 2788 648 2855 et
677 2807 768 2879 quae
792 2783 898 2879 parrlo
930 2790 1012 2856 ante
1045 2790 1237 2859 ceterarum

110 2892 240 2965 artium
280 2890 421 2987 propria
457 2892 629 2987 posuisti,
674 2892 840 2965 scientiae
879 2900 962 2965 sunt
997 2917 1138 2980 eorum,
1176 2895 1238 2990 qui

109 3001 167 3076 ina
202 3002 438 3099 profitentur,
478 3002 653 3076 illustrare
683 3010 803 3075 autem
823 3004 978 3076 oratione
1002 3004 1031 3077 si
1054 3005 1132 3099 quis
1152 3008 1244 3077 istas

110 3367 202 3415 Eodem
223 3365 301 3415 modo
321 3366 439 3415 Futurum
457 3364 648 3427 improbandum
698 3364 748 3413 dici
773 3365 812 3411 rei
838 3362 890 3411 nril.
917 3363 1060 3421 amentiam,
1086 3363 1150 3413 sicut
1174 3366 1237 3427 Lag.

109 3450 160 3493 erat
179 3446 271 3503 modo,
294 3448 307 3503 ξ
330 3445 361 3493 52
383 3442 511 3507 (fatebor)
532 3448 557 3491 et
571 3447 583 3501 ξ
599 3444 648 3493 256
699 3442 786 3491 Monil.
802 3446 814 3499 ξ
830 3444 870 3490 28.

109 3520 276 3585 (repnqncbo)
290 3525 315 3571 et
329 3523 364 3569 ΙΙ.
379 3526 392 3581 ξ
408 3524 448 3571 32.
732 3522 762 3567 de
781 3520 847 3567 omni
867 3521 904 3567 rei
920 3519 1034 3579 pectene
1045 3533 1135 3581 penore
1150 3520 1235 3583 [dict]

139 3604 215 3663 atque
243 3600 424 3649 assumendum.
465 3600 575 3649 Praetnli
601 3600 649 3649 hoc
698 3600 792 3660 Sequor
813 3597 912 3648 Ernesti
930 3598 1064 3657 iudicium,
1085 3598 1152 3647 istud
1172 3599 1236 3656 dict,

108 3694 165 3741 prae
179 3681 263 3730 altero
277 3682 351 3743 atque
360 3680 517 3736 sumendum,
532 3678 649 3738 quoniam
698 3678 765 3739 quod
778 3676 865 3739 putide
878 3675 1152 3745 iteratnrfflbiioientis.

108 3758 197 3807 arsami
212 3772 242 3807 ca
258 3756 650 3818 dicuntur,quaaaliundepetita
731 3757 765 3804 ad
790 3769 876 3803 corrue
895 3754 1032 3803 arianorum
1052 3758 1127 3818 atque
1147 3759 1235 3805 motus.

106 3837 195 3887 nostris
216 3836 390 3899 adiungimus:
413 3834 479 3883 conf.
498 3835 572 3885 modo
588 3839 600 3893 5
617 3838 648 3883 54
699 3837 737 3885 Ita
749 3833 830 3891 infra,
848 3838 861 3892 ξ
877 3836 941 3893 222,
958 3848 1043 3883 renone
1056 3834 1178 3882 nominum
1192 3850 1235 3897 ap·

108 3921 131 3963 et
143 3916 209 3965 infra
225 3919 238 3975 §
257 3913 305 3964 170
321 3928 352 3961 en
367 3913 424 3963 217.
698 3915 837 3975 pallantum
858 3917 884 3960 et
904 3914 940 3961 ΙΙ.
961 3917 973 3971 ξ
997 3915 1044 3961 189
1065 3918 1237 3974 permutantur

138 3994 179 4043 60.
204 3994 262 4041 sino
282 3992 319 4039 rei
339 3991 464 4040 militaris.
510 3992 649 4040 Paucorum
697 3991 761 4039 inter
776 4005 801 4039 se
816 4004 901 4039 aenon
915 3996 940 4040 et
953 3994 1041 4039 motus.

107 4070 226 4121 librorum
243 4072 359 4133 exemplo
373 4070 455 4129 omisi,
471 4072 538 4132 qnod
553 4070 591 4119 his
605 4071 648 4119 ad·
733 4070 773 4119 61.
792 4084 841 4115 non
860 4069 944 4117 desito
965 4070 1030 4131 quod
1047 4070 1126 4118 centio
1146 4070 1236 4119 dicere.

107 4150 225 4209 debatur,
242 4164 299 4199 usu
334 4152 445 4211 Apparet
457 4150 523 4197 enim
534 4150 649 4200 nmmrei
699 4150 736 4199 Ne
756 4148 809 4209 ipse
830 4148 930 4209 quidem
944 4147 1054 4197 dubitavi
1068 4150 1171 4198 alteram
1185 4151 1236 4198 lec-

106 4230 225 4279 milr'tarir
239 4242 322 4291 nequo
337 4228 510 4277 communicari
523 4229 648 4289 eumalio,
697 4227 790 4276 tionem
799 4262 806 4285 ‚
815 4226 1077 4285 dentatadeserere:
1092 4242 1236 4289 nequesen·

106 4324 185 4371 neque
194 4301 315 4371 'copnorct
328 4320 417 4371 posse,
431 4311 459 4355 ut
472 4307 498 4355 in
511 4306 549 4356 his
563 4311 647 4369 postn-
697 4307 774 4355 tentia
788 4305 880 4368 patitur
894 4308 1014 4356 Futurum
1027 4306 1053 4353 in
1065 4306 1112 4354 hac
1118 4307 1237 4367 loquendi

105 4388 168 4437 latur
182 4402 245 4437 mox
260 4392 272 4447 ξ
289 4388 321 4437 65
334 4399 383 4447 squ
398 4386 647 4453 praetereavixcogi·
697 4385 792 4443 torma,
820 4384 864 4433 ubi
890 4385 972 4433 stetim
998 4385 1171 4447 pronuntiatur
1195 4386 1234 4444 id,

106 4468 150 4513 tari
171 4481 246 4528 posse
261 4480 333 4513 nerrm
347 4464 385 4510 rei
398 4464 530 4523 mirararis,
545 4466 589 4513 sed
603 4480 646 4526 po·
699 4464 765 4524 quod
779 4463 833 4525 quis
847 4478 873 4512 se
887 4477 938 4512 non
953 4462 1066 4511 dubitare
1073 4463 1154 4513 dicere
1162 4464 1234 4514 dicit:

105 4545 152 4593 tius
165 4543 246 4603 belli,
262 4547 569 4602 autoastrorurmoontra,
581 4548 648 4593 recte
698 4540 764 4592 cont.
787 4542 822 4590 ΙΙ.
844 4546 856 4600 §
877 4544 932 4591 189.
968 4544 1044 4591 Extra
1061 4544 1236 4607 macrologiam
