3242 5500
370 522 438 589 144
701 538 814 587 cissa
840 540 1029 587 sscnnoos
1057 521 1075 600 §
1100 519 1158 587 61.

367 713 451 785 bum
477 737 618 809 prorsus
643 711 781 783 nullum
806 712 985 806 intellig0;
1012 712 1063 783 ita
1082 718 1165 781 sunt
1186 708 1347 804 angustis
1360 718 1395 781 et
1408 733 1489 781 con·

367 824 448 896 aisis
474 820 770 917 disputationibus
794 820 945 915 illigati:
972 829 1093 917 poetas
1118 819 1283 904 omnino,
1310 819 1491 913 quasialia

367 933 520 1031 quadam
552 931 674 1026 lingua
706 929 861 1015 locutos,
886 954 958 1001 non
981 954 1086 1005 conor
1110 929 1302 1023 attingere:
1329 952 1412 1000 cuni
1435 927 1490 1000 his

367 1069 443 1129 rne,
470 1050 508 1114 ut
533 1041 622 1126 dixi,
646 1039 799 1124 oblect0,
822 1040 884 1135 qui
910 1064 963 1111 res
985 1046 1122 1135 gestaS,
1145 1046 1206 1109 aut
1228 1038 1291 1133 qui
1314 1037 1490 1110 orationes

368 1155 580 1249 scripserunt
615 1144 713 1235 suas
748 1156 809 1221 aut
843 1149 905 1244 qui
933 1149 982 1221 ita
1004 1149 1216 1244 loquuntur,
1243 1156 1283 1219 ut
1306 1146 1491 1219 videantur

368 1264 518 1336 voluisse
543 1284 618 1332 esse
642 1258 764 1343 nobis,
789 1258 942 1353 quinon
970 1283 1091 1330 sumus
1116 1257 1366 1343 eruditissimi,
1390 1256 1491 1329 farni-

368 1374 480 1445 liares.
534 1370 603 1441 Sed
627 1369 710 1441 illuc
735 1367 851 1441 redeo,
1480 1355 1492 1361 ’

298 1500 341 1567 15
416 1481 622 1565 Videtisne,
647 1488 819 1573 quantum
842 1502 971 1550 munus
985 1478 1031 1550 sit
1042 1477 1187 1549 oratoris
1199 1476 1372 1548 historia?
1397 1475 1493 1547 haud

310 1614 343 1659 ce
368 1593 460 1677 scio,
486 1615 530 1663 an
555 1588 702 1661 flumine
725 1588 892 1660 orationis
903 1595 937 1659 et
949 1588 1115 1659 varietate
1127 1587 1331 1659 maximum.
1366 1586 1493 1682 Neque

369 1711 485 1775 tamen
519 1724 595 1771 earn
627 1697 762 1793 reperio
794 1723 944 1793 usquam
973 1697 1158 1793 separatim
1182 1696 1387 1768 instructam
1413 1696 1492 1767 rhe-

368 1820 483 1883 torum
521 1808 734 1906 praeoeptis:
774 1808 840 1879 sita
874 1816 958 1879 sunt
990 1807 1084 1878 enim
1114 1815 1194 1879 ante
1217 1805 1346 1878 oculos
1398 1806 1495 1876 Nam

369 1920 448 2017 quis
471 1919 601 2004 nescit,
628 1919 777 2013 primam
803 1942 879 1989 esse
903 1916 1066 1988 historiae
1089 1916 1223 2011 legem,
1254 1940 1299 1986 ne
1317 1915 1404 2011 quid
1417 1914 1496 1985 falsi

368 2030 481 2102 dicere
513 2028 666 2099 audeat?
702 2026 850 2112 deinde,
885 2051 931 2098 ne
963 2025 1051 2122 quid
1074 2026 1146 2097 veri
1169 2050 1241 2097 non
1265 2025 1420 2096 audeat?
1451 2048 1496 2096 ne

367 2163 437 2235 qua
470 2137 621 2233 suspicio
658 2136 790 2232 gratiae
827 2136 872 2208 sit
906 2136 943 2207 in
969 2134 1179 2207 scribendo?
1203 2159 1247 2206 ne
1272 2158 1342 2230 qua
1371 2134 1495 2205 simui·

312 2261 342 2307 ⁶³
367 2248 475 2321 tatis?
525 2246 623 2319 Haeo
661 2246 792 2319 scilicet
829 2244 1057 2317 fundamenta
1091 2253 1175 2317 nota
1209 2252 1292 2317 sunt
1315 2243 1494 2315 omnibus.

369 2359 450 2455 lpse
477 2365 592 2429 autem
622 2355 862 2427 exaedificatio
891 2356 1005 2451 posita
1036 2363 1089 2427 est
1117 2356 1154 2426 in
1177 2353 1282 2425 rebus
1306 2362 1340 2425 et
1365 2352 1493 2425 verbis.

367 2470 500 2540 Rerum
534 2466 621 2539 ratio
659 2464 818 2537 ordinem
854 2472 1052 2559 temporum
1089 2464 1283 2549 desiderat,
1308 2462 1494 2557 regionum

367 2576 639 2673 descriptionem
651 2608 659 2659 ;
693 2574 767 2645 vult
803 2574 928 2659 etiam,
965 2574 1132 2669 quoniam
1160 2574 1198 2644 in
1225 2572 1330 2644 rebus
1354 2572 1497 2667 magnis

368 2686 604 2781 memoriaque
629 2684 747 2780 dignis
761 2684 905 2756 consilia
918 2683 1090 2781 primum,
1117 2682 1348 2768 deindeaota,
1373 2690 1498 2778 postea

368 2806 513 2870 eventus
549 2801 812 2890 exspectantur,
848 2802 881 2865 et
915 2793 958 2864 de
991 2793 1146 2866 consiliis
1171 2793 1382 2888 significari,
1406 2791 1497 2887 quid

368 2907 513 3002 scriptor
537 2903 681 3000 probet,
708 2911 742 2975 et
768 2903 805 2974 in
831 2903 936 2975 rebus
961 2907 1070 2998 gestis
1094 2901 1277 2987 declarari,
1291 2926 1363 2974 non
1378 2901 1495 2974 solum

403 3237 443 3284 62.
468 3248 545 3296 neque
573 3235 654 3280 tamen
674 3249 727 3281 eam
747 3235 845 3294 reperio
863 3262 906 3281 -.
955 3234 1094 3281 vocandum
1102 3232 1493 3290 ἰιιίῖηιιῖὶαε6066366ιί6ιί4,νί-

369 3317 425 3363 Non
438 3312 907 3361 recteomiseruntnovissimiEditores
954 3312 1030 3367 tiose,
1051 3312 1166 3373 quoniam
1185 3312 1305 3360 videtisne
1325 3313 1341 3359 i.
1362 3327 1387 3373 q.
1407 3327 1494 3360 nonne

367 3393 430 3441 iilud
451 3393 547 3449 lamen,
576 3406 624 3453 qno
644 3391 740 3455 indiget
758 3392 812 3453 ipsa
832 3406 905 3454 argu·
954 3389 1052 3447 videtis
1067 3395 1094 3438 ut
1108 3394 1120 3448 §
1136 3392 1176 3438 62.
1195 3390 1245 3438 Sed
1255 3388 1495 3452 statimexpellenda

368 3471 494 3520 mentatio.
955 3474 1013 3516 sunt
1031 3467 1108 3516 verba
1127 3469 1276 3530 interpolata
1294 3470 1373 3526 haec,
1391 3469 1495 3530 quaein

403 3553 442 3600 63.
461 3549 751 3618 erreninrenepectaatar3
767 3549 830 3605 imo,
838 3562 906 3608 epec-
954 3547 1051 3594 artibus
1076 3547 1203 3594 rhetorum
1226 3548 1398 3608 reperiantur,
1424 3549 1496 3609 quasi

368 3630 464 3677 tantur.
955 3630 1037 3673 essent
1048 3629 1132 3673 tamen
1144 3630 1290 3687 praecepta,
1304 3627 1349 3674 sed
1362 3641 1425 3687 qnae
1439 3628 1496 3675 istic
1543 3642 1547 3646 ·

402 3709 442 3756 64.
461 3707 587 3756 verboram
601 3706 684 3754 antem
697 3706 764 3752 ratio
776 3733 811 3741 -
819 3719 905 3766 perse·
954 3718 1005 3751 non
1018 3705 1194 3765 reperirentur.
1229 3707 1301 3763 Mox,
1316 3704 1359 3753 nbi
1371 3704 1494 3765 decebat,

368 3785 490 3848 qnondam
504 3786 549 3832 est.
584 3786 670 3845 Neque
681 3784 834 3844 reliquorum
845 3799 905 3832 con·
954 3782 986 3830 de
1000 3783 1111 3839 articus,
1126 3783 1170 3831 sed
1182 3783 1235 3830 sinc
1248 3784 1333 3832 addito
1343 3784 1425 3832 inutili
1436 3784 1494 3832 rie-

369 3864 483 3921 structio,
497 3877 577 3924 neque
590 3861 763 3924 ipsaverbivis
771 3863 906 3910 ullomodo
955 3861 1050 3918 torum,
1070 3862 1193 3922 loquitur,
1215 3863 1242 3908 in
1254 3861 1293 3909 aa
1305 3863 1414 3921 artibus,
1431 3877 1496 3924 puae

367 3942 417 3991 icrt
431 3942 477 3990 hoc
486 3942 682 4003 persequendam
697 3941 743 3988 cst.
761 3943 905 4000 Praeterea,
954 3939 1064 3987 traditae
1076 3941 1143 3987 runt.

369 4022 436 4083 quod
454 4021 523 4068 initio
543 4021 644 4077 dicitur,
662 4022 787 4068 verboram
800 4021 907 4067 ratioet
986 4019 1094 4066 cratoris
1106 4020 1194 4081 officia.
1213 4021 1252 4068 De
1265 4034 1322 4068 meo
1335 4020 1371 4068 sic
1384 4020 1496 4071 correxi:

366 4113 443 4162 penus
461 4100 595 4157 orationis,
616 4103 742 4159 tamquam
762 4097 782 4146 si
800 4097 862 4144 hacc
878 4097 905 4145 in
952 4095 1024 4154 libri,
1038 4099 1165 4145 matonam
1181 4099 1224 4158 off.

368 4176 905 4234 unaenumerationecenserentur,vitiosis·
938 4199 941 4204 ·
988 4175 1373 4239 [cohortationis-admonitu}
1391 4179 1497 4228 Summo

368 4257 457 4306 simum
471 4260 515 4304 est.
533 4258 602 4304 Loco
614 4255 683 4303 istius
691 4256 836 4316 copulaeet,
848 4268 905 4303 ver·
952 4252 1006 4302 iure
1034 4253 1096 4302 hoec
1116 4269 1162 4316 pro
1181 4255 1336 4317 interpolatis
1356 4257 1496 4306 habentur:

368 4333 428 4382 burn
447 4335 542 4382 finitum
563 4334 742 4382 restituendum
763 4337 814 4390 est,
828 4333 907 4382 veluti
954 4348 1005 4382 non
1024 4333 1082 4381 satis
1102 4334 1223 4382 concinne
1235 4335 1382 4396 interposita
1395 4351 1409 4384 e
1423 4342 1438 4395 §
1454 4340 1495 4386 50.

368 4415 434 4461 ratio
442 4414 643 4476 postulatque
659 4411 785 4459 orationis.
820 4412 905 4474 Oppo-
954 4413 1026 4460 Falso
1039 4426 1136 4473 qnoque
1149 4413 1495 4476 iniislcgebaturadmonita,

368 4496 461 4539 nuntnr
475 4491 536 4539 haec
549 4504 634 4537 rernm
647 4491 754 4547 rationi,
770 4494 782 4547 ξ
798 4491 839 4538 63.
954 4505 1000 4552 pro
1014 4490 1095 4552 simpl.
1109 4492 1217 4538 monita.-
1232 4492 1319 4540 cadem
1333 4493 1495 4543 confundun-

399 4569 520 4622 ,videtisne
537 4570 605 4616 nulla
619 4583 669 4617 esse
678 4569 823 4629 praecepta.
858 4569 906 4629 Re·
954 4573 995 4616 tur
1009 4569 1033 4616 in
1047 4569 1115 4618 libris
1128 4569 1208 4627 infra,
1223 4575 1234 4629 ξ
1252 4571 1308 4620 175.
