3242 5500
432 561 543 611 urrann
570 562 760 611 sncuunus
788 546 805 625 S
830 544 889 612 48.
1156 545 1225 614 139

112 730 216 803 multa
239 732 415 827 respondi.
444 732 542 805 Num
563 732 673 827 igitur
692 733 824 829 placet,
846 758 956 828 quum
970 732 1226 828 deeloquentia

111 840 312 936 praecipias,
332 841 466 936 aliquid
484 842 589 913 etiam
604 842 647 913 de
662 842 874 914 testimoniis
886 842 1056 928 dicendis,
1075 844 1176 938 quasi
1187 845 1224 915 iu

111 958 194 1035 arte,
220 950 378 1023 tradere?
410 950 510 1023 Nihil
535 976 634 1037 sane,
660 952 777 1047 inquit
804 952 968 1038 Catulus,
995 976 1136 1024 necesse
1161 960 1224 1026 est.

156 1058 278 1134 Quid?
300 1060 349 1145 si,
376 1060 468 1156 quod
496 1085 599 1155 saepe
624 1061 770 1133 summis
795 1062 878 1133 viris
900 1061 1044 1146 accidit,
1063 1062 1227 1136 mandata
1254 1072 1299 1139 la

111 1171 176 1241 sint
210 1170 438 1263 exponenda,
475 1179 535 1244 aut
565 1172 600 1241 in
626 1179 749 1243 senatu
773 1170 817 1242 ab
842 1171 1071 1267 imperatore,
1097 1171 1227 1244 autad
1251 1196 1283 1241 aa

110 1280 368 1373 imperatorem,
395 1286 456 1351 aut
483 1279 528 1350 ad
554 1303 694 1375 regem,
721 1289 782 1354 aut
809 1280 854 1352 ad
878 1280 1051 1377 populum
1072 1281 1226 1375 aliquem

110 1414 128 1458 a
160 1389 310 1460 senatu?
345 1412 452 1474 num,
489 1389 572 1484 quia
605 1412 733 1484 genere
766 1390 933 1461 orationis
962 1390 999 1461 in
1024 1389 1227 1463 huiusmodi

109 1496 215 1569 causis
238 1499 451 1571 accuratiore
471 1507 524 1571 est
549 1497 741 1585 utendum,
767 1498 897 1572 ideirco
918 1523 998 1593 pars
1019 1500 1126 1571 etiarn
1142 1498 1227 1571 haec

110 1630 287 1678 causarum
326 1609 544 1681 numeranda
582 1608 738 1695 videtur,
775 1617 810 1680 et
842 1608 991 1704 propriis
1032 1608 1226 1706 praeceptis

110 1715 333 1787 instruenda?
373 1716 523 1789 Minime
554 1741 654 1804 ver0,
691 1717 807 1813 inquit
843 1716 1009 1790 Catulus:
1035 1717 1227 1789 nonenim

110 1825 212 1897 deerit
249 1825 386 1897 bomini
423 1826 550 1899 diserto
584 1826 621 1897 in
657 1827 829 1899 eiusmodi
861 1826 966 1898 rebus
991 1826 1158 1913 facultas,
1183 1850 1226 1899 ex

109 1934 223 2007 ceteris
261 1933 368 2007 rebus
401 1944 436 2008 et
461 1936 574 2009 causis
594 1943 807 2031 comparata.
854 1936 949 2031 Ergo
965 1936 1067 2022 item,
1093 1936 1225 2031 inquit,
1252 1957 1283 2001 so

97 2043 182 2130 illa,
208 2068 301 2139 quae
325 2068 427 2140 saepe
452 2046 580 2118 diserte
602 2046 739 2141 agenda
752 2053 852 2132 sunt,
874 2055 910 2117 et
928 2070 1017 2141 quae
1030 2069 1095 2141 ego
1108 2040 1227 2141 paullo

109 2161 183 2226 anta
206 2149 337 2249 [quum
355 2154 588 2250 eloquentiam
606 2150 801 2251 laudarem]
823 2155 898 2227 dixi
908 2154 1052 2227 oratoris
1065 2178 1152 2240 esse,
1166 2179 1227 2227 ne·

109 2287 172 2357 que
205 2262 341 2335 babent
375 2288 479 2335 suum
514 2263 630 2337 locum
660 2264 774 2361 ullum
797 2265 835 2337 in
859 2264 1029 2337 divisione
1052 2264 1226 2359 partium,

109 2396 215 2467 neque
243 2380 382 2445 certina
410 2381 674 2470 praeceptorum
698 2398 831 2470 genus,
854 2381 890 2445 et
911 2374 1225 2469 agendasuntnon

108 2481 218 2553 minus
255 2482 407 2569 diserte,
446 2508 552 2578 quam
589 2485 739 2580 quaein
765 2483 1036 2570 litediountur,
1061 2482 1225 2578 obiurga·

109 2591 172 2676 tio,
197 2590 413 2679 cohortatio,
439 2593 649 2679 consolatio;
676 2618 827 2690 quorum
852 2593 1024 2679 nihilest,
1047 2592 1226 2688 quodnon

108 2726 237 2774 summa
275 2701 419 2775 dicandi
454 2711 656 2776 ornamenta
689 2702 883 2790 desideret3
922 2702 984 2775 sed
1012 2727 1055 2775 ex
1079 2702 1227 2774 artificio

107 2835 156 2882 res
179 2812 265 2884 istae
292 2821 476 2909 praecepta
499 2837 570 2885 non
596 2821 778 2909 quaerunt.
831 2812 959 2898 Plane,
982 2813 1100 2908 inquit
1118 2811 1225 2883 Catu·

106 2919 175 3006 lus,
199 2923 385 2994 assentior.
420 2922 499 3018 Age
523 2947 624 3008 vern,
650 2923 766 3018 inquit
791 2921 986 3008 Antonius,
1014 2921 1127 3017 qualis
1150 2945 1225 2993 ora·
1253 2937 1282 2984 ⁵1

105 3030 201 3117 toris,
229 3038 264 3102 ct
295 3031 421 3126 quanti
452 3027 622 3126 [bominis
652 3031 688 3103 in
712 3027 877 3127 dicendo]
905 3039 1009 3128 putas
1028 3031 1225 3104 essehisto·

105 3138 185 3211 riam
208 3139 387 3214 scribere?
414 3141 467 3227 Si,
494 3148 532 3212 ut
558 3141 683 3213 Graeci
697 3141 922 3236 scripserunt,
945 3141 1087 3226 summi,
1109 3141 1227 3236 inquit

106 3246 263 3323 Catulus:
288 3250 337 3335 si,
358 3257 397 3321 ut
411 3249 534 3336 nostri,
548 3249 638 3322 nibil
650 3274 739 3346 opus
752 3259 805 3322 est
817 3259 967 3323 oratore:
991 3251 1076 3322 satis
1089 3258 1226 3322 estnon

106 3380 174 3428 esse
204 3359 425 3431 mendacem.
477 3358 607 3455 Atqui,
630 3383 675 3430 ne
699 3368 836 3431 nostros
862 3369 1084 3446 contemnas,
1109 3360 1227 3454 inquit

105 3463 301 3555 Antonius,
338 3468 462 3541 Graeci
497 3493 637 3564 quoque
668 3469 736 3565 ipsi
761 3469 810 3541 sic
837 3468 940 3541 initio
968 3469 1225 3564 scriptitarunt,

131 3733 154 3778 et
162 3732 279 3795 propriis
296 3756 339 3776 -.
357 3730 395 3777 De
409 3743 465 3778 meo
478 3729 513 3778 sic
528 3729 637 3778 correxi:
688 3730 726 3776 nis
746 3729 773 3776 in
794 3727 908 3788 dicendo]
926 3729 1006 3788 putas
1025 3741 1077 3776 esse
1094 3755 1137 3776 -.
1159 3729 1229 3779 Nihil

102 3808 165 3870 vulg.
178 3810 224 3856 ast
232 3809 351 3870 propriis
363 3834 405 3855 -.
687 3811 753 3854 esset
764 3806 791 3854 in
803 3805 857 3864 bis,
872 3806 941 3867 quod
958 3807 1111 3862 offenderet,
1126 3807 1227 3857 sirecte

131 3888 273 3948 5⁰.pau110
294 3889 355 3934 ante
376 3887 463 3949 [qaum
476 3887 640 3948 eloquentiam
688 3885 735 3933 dici
756 3888 882 3934 constaret
901 3885 975 3942 talis,
997 3888 1022 3933 et
1042 3885 1129 3934 tantus
1148 3887 1175 3933 ia
1187 3888 1226 3934 di·

101 3964 246 4028 laudarem}
283 3964 405 4014 Inscitum
419 3964 542 4014 emblema
554 3965 639 4026 expel-
688 3965 778 4012 cando.-
793 3978 825 4011 ne
839 3965 908 4011 torno
918 3963 1227 4025 quidemindiceadoferri

101 4042 205 4092 landum.
248 4044 379 4101 Primum,
407 4043 568 4092 metuendum
589 4056 639 4091 non
688 4047 784 4103 potcst3
798 4057 845 4090 nec
859 4043 928 4090 bomo
943 4043 1029 4090 tantas
1041 4043 1227 4105 umquamdici·

100 4127 148 4170 erat
167 4138 197 4172 ne
218 4122 294 4172 obliti
315 4123 365 4170 iam
378 4127 460 4170 essent
472 4122 576 4182 reliqui,
592 4135 640 4183 qua
688 4120 1229 4178 tur,sedaliisAdiectivisilludnomansolet

99 4202 281 4262 opportunitate
301 4201 366 4249 illud
377 4187 465 4263 paullo
482 4203 540 4248 onte
554 4199 580 4264 (ξ
594 4199 639 4264 35)
689 4199 780 4248 ornari.
814 4200 875 4248 Ideo
895 4200 941 4248 ista
954 4200 1103 4262 interpolata
1115 4201 1227 4248 mibivi·

98 4278 206 4330 dixisset:
235 4285 310 4338 tum,
337 4293 389 4328 non
410 4281 572 4340 eloquentiam
592 4279 640 4326 isto
690 4280 788 4327 dentur.
824 4278 898 4328 eonf.
916 4281 997 4342 Legg.
1011 4278 1038 4326 in
1052 4279 1162 4327 exordio.

99 4357 161 4416 loco,
173 4359 339 4408 sedoratoris
345 4356 576 4421 cimlaudaverat(§
584 4355 638 4421 39),
722 4357 752 4404 at
765 4357 850 4404 noster
858 4357 926 4404 Coto.
935 4359 1027 4406 Mirum
1034 4357 1123 4405 accidit
1129 4358 1228 4419 quodin

97 4449 142 4495 quo
149 4437 343 4493 locoiamillud‚
356 4437 519 4498 elaqueatum
527 4437 639 4491 laudare,
689 4435 776 4484 ieiunis
791 4435 841 4484 illis
854 4437 980 4484 annalium
993 4435 1152 4497 scriptoribus
1167 4436 1229 4484 Cato

96 4513 268 4576 interpolatum
285 4529 340 4563 esse
354 4515 413 4562 dixi.
691 4529 788 4575 quoque
802 4521 954 4573 numeratur,
968 4515 1000 4562 de
1011 4514 1080 4563 cuius
1087 4514 1230 4578 Originibus

127 4595 164 4642 51.
183 4596 267 4656 qualia
283 4594 394 4642 oratoris
408 4597 433 4642 et
447 4595 534 4655 quanli
551 4594 638 4653 [lomi
691 4593 940 4656 longealiteriudicst
948 4594 1034 4659 Cicero
1042 4596 1183 4654 Bruttbfi,
1192 4610 1229 4656 sq.
