3242 5500
459 565 573 615 muns.
599 566 750 615 11111111.
779 549 796 629 §
823 547 882 617 22.
1189 547 1231 614 ll

105 761 325 812 summorum
350 737 534 810 hominurn
557 759 667 834 prope
690 761 864 810 consensu
884 745 937 810 est
957 737 1153 823 tributum,
1179 762 1232 809 re·
1259 759 1290 804 ss

104 857 295 944 petamque
318 872 390 918 non
414 846 458 919 ab
479 846 702 920 incunabulis
724 847 853 920 nostris
873 848 998 920 veteris
1018 846 1235 943 puerilisque

105 957 284 1030 doctrinae
305 957 482 1052 quendam
502 957 662 1030 ordinem
683 965 965 1054 praeceptorum,
987 958 1049 1029 sed
1066 981 1123 1044 ea,
1145 981 1235 1052 quae

107 1067 289 1163 quondam
325 1069 442 1164 accepi
473 1067 511 1139 in
544 1074 743 1139 nostrorum
775 1067 960 1139 hominum
990 1066 1234 1162 eloquentissi-

108 1201 249 1250 morum
274 1183 308 1249 et
331 1177 428 1249 omni
453 1177 626 1274 dignitate
650 1176 852 1273 principum
884 1160 1124 1273 disputatione
1160 1201 1235 1248 esse

107 1295 263 1388 versata:
291 1311 363 1359 non
389 1287 485 1383 quod
507 1287 568 1359 illa
591 1293 814 1360 contemnam
839 1311 929 1382 quae
950 1285 1074 1358 Graeci
1095 1285 1235 1358 dicendi

107 1397 259 1470 artifices
285 1404 319 1469 et
345 1397 502 1470 doctores
526 1398 763 1494 reliquerunt,
790 1383 870 1483 sed,
896 1420 1007 1492 quum
1019 1396 1080 1468 illa
1091 1402 1235 1492 pateant

107 1508 144 1579 in
170 1514 409 1604 promptuque
433 1508 503 1580 sint
527 1506 715 1593 omnibus,
746 1530 862 1603 neque
886 1531 926 1577 ea
949 1506 1236 1602 interpretatione

107 1641 186 1690 mea
209 1625 271 1690 aut
296 1617 452 1690 ornatius
477 1616 645 1715 explicari
666 1622 727 1688 aut
747 1616 888 1713 planius
909 1616 1059 1712 exprimi
1079 1615 1234 1711 possint,

108 1727 209 1800 dabis
243 1727 333 1800 hanc
362 1728 519 1816 veniam,
553 1727 603 1800 mi
627 1727 752 1812 frater,
787 1733 828 1798 ut
860 1726 1003 1823 opinor,
1038 1736 1079 1798 ut
1115 1750 1235 1797 eorum

109 1837 240 1933 quibus
274 1862 411 1910 summa
444 1837 585 1910 dicendi
618 1838 694 1909 laus
727 1836 900 1908 anostris
924 1835 1128 1909 hominibus
1152 1860 1233 1908 con·

109 1971 205 2020 cessa
229 1955 282 2019 est
308 1949 552 2020 auctoritatem
577 1946 718 2019 Graecis
743 1954 966 2042 anteponam.
1166 1945 1177 1978 ⁸

157 2053 278 2148 Quum
302 2057 413 2152 igitur
436 2057 676 2130 vehementius
700 2055 923 2128 inveheretur
935 2056 972 2128 in
985 2081 1125 2129 causam
1137 2055 1234 2153 prin·
1262 2057 1282 2127 7

108 2167 230 2264 cipum
254 2166 377 2238 consul
397 2166 604 2264 Philippus,
630 2167 810 2262 Drusique
831 2165 1032 2239 tribunatus
1052 2190 1115 2263 pro
1136 2190 1234 2238 sena·

109 2285 169 2349 tus
202 2277 408 2349 auctoritate
441 2285 624 2373 susceptus
649 2277 797 2372 infringi
821 2277 891 2348 iam
916 2266 1162 2372 debilitarique
1184 2276 1234 2348 vi·

110 2386 273 2473 deretur,
306 2386 377 2459 diei
410 2386 498 2459 mihi
534 2386 680 2459 memini
710 2385 875 2458 ludorum
899 2386 1139 2458 Romanorum
1163 2386 1236 2458 die·

110 2495 179 2568 bus
204 2495 245 2567 L.
273 2497 461 2584 Crassum,
489 2497 590 2593 quasi
614 2496 803 2592 colligendi
824 2496 880 2568 sui
899 2521 1022 2582 causa,
1049 2520 1086 2568 se
1106 2496 1144 2568 iu
1166 2497 1236 2567 Tu·

111 2605 298 2678 eculanum
333 2607 545 2680 contulisse:
584 2607 720 2678 venisse
756 2606 902 2693 eodem,
941 2631 1036 2679 socer
1067 2607 1143 2679 eius
1175 2607 1237 2701 qui

110 2716 247 2802 fuerat,
284 2717 329 2793 Q.
365 2716 507 2791 Mucius
540 2716 734 2804 dicebatur,
762 2724 796 2790 et
821 2715 872 2790 M.
899 2716 1098 2804 Antonius,
1133 2717 1237 2789 homo
1289 2720 1450 2799 111111·
1466 2723 1526 2807 95

112 2834 148 2899 et
169 2806 456 2899 consiliorum'iir'
469 2852 507 2899 re
518 2806 660 2925 pulrlica
673 2828 808 2914 socius,
823 2835 858 2901 et
870 2853 1007 2900 summa
1018 2853 1099 2900 cum
1112 2828 1238 2901 Crasso

113 2937 352 3010 familiaritate
393 2938 613 3011 coniunctus.
640 2964 643 2969 ·
675 2937 844 3010 Exierant
886 2946 1004 3011 autem
1044 2963 1125 3011 cum
1160 2940 1238 3037 ipso
1263 2966 1293 3011 ss

115 3042 277 3143 [Crasso]
300 3047 370 3118 duo
391 3047 626 3120 adolescentes
638 3038 653 3134 ,¹
674 3056 708 3120 et
728 3048 838 3121 Drusi
857 3049 1009 3121 maxime
1027 3050 1235 3136 familiares,

111 3157 211 3230 etin
236 3156 366 3253 quibus
391 3182 554 3254 magnam
579 3166 656 3229 turn
680 3156 777 3253 spem
802 3159 949 3231 maiores
973 3168 1059 3232 natu
1082 3160 1235 3256 dignita·

149 3486 195 3551 22)
215 3487 321 3535 Graecos
335 3489 654 3550 homines-partitionem
702 3489 806 3546 111111,
832 3488 858 3535 11
880 3488 969 3550 quibus
989 3504 1028 3537 111
1056 3492 1161 3539 oratoria
1181 3499 1238 3541 nata

113 3566 239 3631 quandam
266 3568 360 3615 artium
377 3568 480 3629 fecisse.
531 3568 654 3627 Quoniam
703 3572 740 3615 est
761 3570 785 3615 et
807 3567 919 3615 educatu.
960 3571 993 3617 Η.
1015 3570 1049 3626 1.,
1068 3573 1096 3617 ut
1109 3570 1162 3617 Fiu.
1177 3573 1237 3631 Η

112 3645 274 3695 manifestum
295 3650 332 3695 est
353 3645 380 3695 h.
401 3648 420 3694 l.
435 3660 485 3694 non
499 3646 546 3695 nisi
560 3648 591 3695 de
604 3660 654 3694 1111
704 3650 745 3694 55.
769 3646 916 3693 inarmonia
930 3647 961 3694 de
976 3647 1094 3708 pueritiae
1108 3653 1188 3699 aetate
1199 3650 1237 3698 di·

113 3724 652 3787 1111111111111111011111111,11111311-
703 3728 807 3783 cuntur,
833 3725 971 3786 diciturque
991 3741 1037 3787 pru
1057 3727 1087 3772 ab
1107 3729 1150 3785 iis,
1177 3744 1239 3792 quae

113 3806 175 3852 dum
197 3818 287 3853 censeo
309 3805 382 3852 artis.
414 3806 452 3854 De
476 3803 606 3865 partitione
629 3803 654 3851 in
698 3806 774 3865 paeri
787 3803 932 3863 didicimus,
949 3809 978 3852 ut
991 3810 1091 3866 supra§
1108 3810 1131 3854 5.

113 3882 218 3944 reliquis
239 3881 332 3932 artibus
354 3883 443 3931 dicitur
470 3882 584 3931 nonnihil
605 3882 654 3930 111.
738 3881 782 3946 25)
800 3884 1009 3931 exierantaatem
1023 3886 1237 3947 cumipcowras-

115 3966 127 4020 5
147 3963 204 4009 132.
703 3962 790 4022 eo]—.
800 3964 873 4009 Nom.
890 3977 973 4024 propr.
981 3963 1156 4025 interpolatum
1164 3970 1201 4013 est
1207 3966 1238 4013 ab

150 4038 196 4103 23)
207 4040 495 4088 abtucanabatisaoctrie
501 4041 654 4101 1111111111-
705 4054 747 4097 eo,
764 4040 805 4101 qui
820 4056 871 4089 nou
883 4040 1033 4104 intelligeret
1046 4058 1118 4104 pron.
1132 4046 1196 4103 ipse,
1211 4049 1239 4093 ut

115 4121 222 4182 rituque
242 4118 377 4165 doctrinae.
412 4121 468 4167 Non
488 4118 599 4167 dubitavi
612 4132 654 4165 ao·
705 4122 827 4167 Graecum
842 4115 1237 4181 airt;,indicaredominum,et,

114 4199 179 4245 stris
193 4197 268 4245 edere
284 4197 315 4245 dc
323 4198 471 4256 coniectura,
483 4213 529 4259 pro
536 4197 655 4246 librorum
704 4202 732 4246 ut
746 4197 772 4245 h.
786 4199 820 4255 l.,
835 4211 904 4255 eum,
920 4200 962 4260 qui
975 4200 1043 4248 domi
1055 4200 1187 4250 familiares
1195 4216 1236 4249 cx·

116 4278 226 4325 nostrae.
244 4276 656 4333 Primum,doctriauctucanabalu
704 4277 771 4339 cipit.

117 4371 148 4403 ne
169 4354 277 4417 intelligi
300 4354 399 4415 quidem
420 4358 517 4415 potest,
539 4355 655 4417 quoniam
738 4355 896 4403 collocarunt.
931 4356 1024 4405 Vitiosa
1046 4362 1083 4406 est
1096 4360 1173 4406 altera
1186 4360 1236 4406 lec-

118 4433 232 4480 doctrtac
260 4432 314 4494 ipsa
342 4431 461 4480 institutio
483 4438 507 4481 et
531 4437 655 4494 tamquam
703 4435 752 4492 tio,
778 4435 941 4493 collocarent,
967 4436 1040 4493 et‚·si
1061 4436 1238 4487 Coniunctivus

119 4512 204 4561 schola
226 4516 276 4559 est:
296 4515 379 4573 potest
392 4511 457 4557 artie
469 4510 572 4559 alienius
585 4513 654 4558 1111-
704 4510 802 4573 probari
824 4514 955 4574 potuisset,
977 4514 1143 4575 requireretur
1164 4519 1237 4565 collo-

119 4591 221 4649 nacula,
237 4590 301 4638 sicut
315 4590 384 4638 Orat.
400 4594 411 4649 §
427 4592 458 4637 42
473 4591 655 4637 oratorisiacu-
704 4591 818 4639 causent.
851 4592 900 4641 Sed
921 4592 969 4640 hoe
989 4593 1021 4641 111
1035 4608 1079 4642 suo
1093 4609 1124 4642 cx
1137 4594 1238 4645 historia
