3242 5500
682 549 723 560 “““
1210 535 1259 579 vlr

133 693 254 772 scripsit
279 689 401 766 Cicero,
432 691 474 751 ita
500 707 599 770 neque
623 691 655 750 in
680 692 737 753 hoc
753 691 798 752 De
816 691 943 754 Oratore
960 711 1099 754 sermone
1116 695 1180 773 ipso
1195 695 1258 755 ulla

135 795 302 857 similitudo
322 793 565 873 deprehenditur,
586 813 657 871 nec,
679 802 801 876 propter
818 798 989 876 argumenti
1006 797 1181 874 discrimen,
1193 816 1259 859 esse

135 906 254 982 poterat
271 919 341 960 cum
359 899 410 959 illo
428 899 600 978 disputandi
617 918 729 978 genere
745 920 804 980 quo
820 901 976 962 Socratem
993 907 1132 962 utentem
1145 902 1260 963 inducit

133 1006 234 1081 Plato,
251 1024 269 1065 a
288 1023 347 1084 quo
364 1003 496 1082 primum
512 1002 663 1082 longiores
680 1005 828 1065 eiusmodi
844 1007 1009 1082 orationes,
1031 1006 1170 1085 qualibus
1179 1007 1260 1086 apud

135 1109 315 1172 Ciceronem
348 1108 516 1183 Antonius,
544 1113 575 1167 et
606 1106 732 1185 Caesar,
763 1115 793 1168 et
819 1109 944 1170 Crassus
970 1115 1114 1187 utuntur,
1143 1111 1259 1172 alienae

134 1221 219 1291 sunt,
239 1221 305 1274 turn
322 1213 420 1274 omnis
436 1212 486 1272 illa
502 1211 674 1290 diligentior
691 1220 887 1292 τεχνολογία,
898 1214 1025 1274 subinde
1035 1215 1256 1293 aliquantulum

134 1319 283 1395 odiosior,
320 1317 414 1378 multo
439 1321 521 1378 certe
543 1316 639 1395 aptior
665 1317 693 1377 ei
716 1317 907 1396 disciplinae,
937 1337 1028 1398 quam
1054 1319 1091 1380 de
1119 1339 1191 1396 suo,
1221 1320 1259 1379 ad

134 1427 266 1486 Brutum
283 1422 435 1496 scribens,
457 1421 489 1480 in
503 1419 630 1481 Oratore
645 1421 846 1500 persequitur.
954 1439 959 1448 ·

177 1529 223 1589 De
247 1528 356 1588 horum
377 1525 522 1585 librorum
547 1525 746 1602 praestantia,
777 1525 849 1586 inde
873 1525 912 1586 ab
937 1526 1038 1587 Attico
1059 1527 1112 1609 (ad
1130 1528 1192 1588 Att.
1209 1527 1258 1586 IV.

135 1633 186 1694 16.
203 1634 231 1692 ‘L
249 1637 279 1693 et
297 1630 339 1710 8.)
356 1647 451 1708 usque
471 1629 509 1689 ad
527 1630 606 1690 hanc
621 1634 752 1689 aetatem
765 1648 827 1689 una
836 1636 866 1690 et
874 1632 1065 1692 consentiens
1074 1632 1262 1692 eruditorum
1291 1636 1296 1646 '

107 1785 110 1791 .
136 1757 197 1799 vox
215 1741 278 1811 est3
299 1752 482 1814 quamquam
499 1732 549 1793 vix
563 1732 753 1812 probandum
771 1734 846 1793 mihi
862 1734 996 1811 videtur,
1017 1735 1043 1794 si
1063 1754 1148 1812 eam,
1168 1753 1260 1814 pravo

138 1839 334 1914 Quinctiliani
369 1837 523 1916 exemplo,
560 1837 762 1896 institutionem
794 1839 949 1898 nonnam
975 1840 1144 1919 appellant,
1170 1859 1264 1917 quum

139 1951 294 2026 oporteret
320 1943 521 2003 inntitntionen
547 1942 687 2016 oratorio,
713 1960 772 2020 quo
789 1941 928 2002 Genitivo
945 1943 1095 2004 indicatur
1111 1943 1263 2004 obiectum

139 2051 207 2111 eius
223 2048 323 2123 verbi,
341 2046 421 2124 quod
438 2051 483 2106 est
497 2047 645 2105 instituere
664 2044 845 2126 (nntstnn):
867 2046 969 2125 itaque
986 2066 1085 2126 neque
1100 2048 1264 2124 insornmtio

139 2155 255 2228 divina,
285 2151 337 2212 sed
359 2151 414 2225 inf.
439 2151 485 2210 dci
508 2149 631 2223 dicitur3
660 2166 759 2227 neque
786 2168 915 2228 usquam
932 2151 1075 2211 cumillis
1092 2151 1265 2212 nominihus

141 2257 252 2318 obiecti
267 2255 444 2334 significatio
462 2254 520 2313 nisi
536 2271 590 2332 per
610 2253 784 2313 Genitivum
800 2253 944 2332 iungitur,
965 2261 999 2316 ut
1013 2256 1156 2317 institutio
1172 2256 1264 2326 nitae;

142 2361 335 2424 Adiectivum
360 2359 412 2418 ubi
432 2358 582 2436 iungitur,
603 2356 679 2417 nihil
696 2357 829 2436 pertinet
844 2358 883 2418 ad
902 2358 1069 2436 obiectum,
1090 2366 1125 2420 ut
1143 2362 1266 2419 Graecae

141 2465 336 2526 institutiones
362 2461 445 2542 (Nat.
471 2461 506 2522 D.
534 2461 556 2520 1.
574 2460 590 2542 §
606 2461 656 2540 8),
678 2478 755 2539 quae
771 2460 886 2521 Graece
901 2462 1079 2539 traduntur,
1101 2469 1132 2523 et
1143 2465 1267 2538 pueritia

142 2570 301 2641 institutio,
326 2585 387 2626 non
406 2585 444 2625 ex
461 2584 520 2644 quo
536 2565 603 2644 quis
620 2583 696 2644 puer
711 2565 831 2641 evadat,
848 2566 900 2626 sed
917 2585 995 2645 quae
1011 2567 1113 2646 pueris
1131 2567 1266 2628 traditur.

143 2674 206 2736 Sed
233 2671 410 2753 gravissima
435 2669 597 2731 auctoritas
623 2687 745 2742 eorum,
770 2688 848 2750 quae
869 2688 924 2750 per
939 2671 995 2730 hos
1012 2670 1104 2731 libros
1121 2690 1215 2751 quum
1231 2671 1269 2730 de

145 2779 335 2859 eloquentiae
351 2795 491 2851 munere,
512 2780 577 2835 tum
595 2775 632 2835 de
649 2782 767 2835 oratore
783 2775 968 2837 instituendo
980 2776 1178 2855 disputantur,
1198 2775 1269 2835 inde

147 2883 358 2958 constituitur,
382 2881 461 2960 quod
488 2879 592 2940 Cicero
614 2880 678 2958 ipse
694 2879 876 2957 optirnarum
890 2881 1002 2941 artium
1020 2880 1183 2959 disciplinis
1202 2898 1270 2939 eru-

147 2990 246 3064 ditus,
276 2993 306 3047 et
335 2985 454 3046 dicendi
480 2984 578 3044 studio
605 2983 736 3061 aprima
755 2989 854 3044 aetate
872 2985 1007 3061 dedituS,
1037 2985 1102 3045 eius
1120 2984 1271 3066 facultatis

145 3112 236 3155 usum
260 3090 292 3150 in
317 3091 380 3150 foro
396 3094 427 3149 et
443 3089 475 3149 in
489 3087 607 3168 publico
624 3086 747 3147 consitio
766 3089 923 3166 egregium
940 3095 1148 3166 contraxerat,
1169 3090 1271 3168 itaque

147 3198 278 3259 multum
303 3193 463 3274 superabat
489 3193 535 3253 vel
562 3192 771 3253 acutissimum
793 3193 946 3254 rhetorem
974 3200 1006 3253 et
1028 3194 1066 3254 de
1086 3193 1188 3253 schola
1206 3212 1271 3253 ma-

148 3303 291 3382 gistrum,
316 3298 508 3379 quantumvis
527 3297 671 3376 glorietur
690 3315 722 3357 se
740 3315 863 3357 omnem
880 3298 1092 3359 Aristoteleam
1105 3306 1137 3359 et
1155 3298 1268 3359 Isocra·

147 3413 231 3467 team
251 3404 400 3464 rationem
418 3403 607 3481 complexum
622 3420 696 3461 esse.

190 3509 332 3569 Formam
350 3506 447 3586 operis
464 3507 544 3585 quod
560 3506 683 3577 attinet,
700 3523 884 3583 quamquam
899 3505 1002 3565 multis
1020 3505 1156 3584 partibus
1177 3505 1272 3564 adrni-

149 3613 287 3675 rahiliter
316 3611 463 3672 sermonis
488 3610 622 3689 fingendi
648 3608 775 3669 artificio
792 3608 932 3669 satisfieri
956 3610 1109 3685 videmus,
1130 3609 1276 3687 incoque

150 3720 215 3798 ipso
243 3716 469 3778 concedendurn
494 3721 541 3774 est
557 3714 745 3792 aliquantum
774 3712 942 3773 istiusmodi
969 3714 1046 3773 mori
1071 3713 1275 3791 dialogorum,

150 3842 187 3883 ea
203 3829 320 3896 tamen,
342 3838 419 3898 quae
438 3825 468 3879 et
484 3819 515 3878 in
531 3816 588 3877 11³0
606 3817 683 3877 libro
700 3836 754 3895 per
774 3817 955 3893 Antonium,
974 3823 1042 3878 tum
1055 3815 1127 3877 ΙΠῖ10
1137 3816 1212 3877 libro
1223 3836 1277 3895 per

151 3926 295 3987 Crassum
323 3943 339 3983 e
364 3923 464 3984 schola
488 3921 638 3983 rhetorica
661 3921 863 4001 explicantur,
888 3940 945 3982 nec
975 3922 1122 3982 decebant
1142 3920 1276 3980 illumin

152 4029 322 4092 Tusculano
346 4027 518 4088 institutum
542 4044 713 4085 sermonem
743 4026 803 4106 (id,
835 4026 915 4104 quod
935 4026 998 4105 ipse
1025 4025 1128 4086 Cicero
1147 4025 1277 4085 sensisse

153 4135 289 4208 videtur,
317 4131 369 4192 uhi
395 4132 522 4212 explicat
546 4129 672 4190 Crassus
696 4129 732 4189 Π.
759 4129 774 4211 ᾖ
801 4128 841 4191 18
869 4135 1050 4210 quapropter
1079 4129 1136 4189 sihi
1165 4130 1278 4203 ineptus

154 4237 322 4316 videatur),
340 4242 371 4296 et
394 4235 523 4297 multum
550 4241 693 4314 superant
711 4236 838 4295 istorum
854 4235 1013 4295 hominum
1031 4233 1279 4295 consuetudinem

157 4351 188 4404 et
214 4343 419 4416 voluntatem,
449 4356 577 4419 quorum
602 4345 730 4420 uterque
755 4341 838 4417 qnasi
859 4360 930 4401 unna
952 4359 968 4399 c
991 4346 1147 4418 togatorum
1170 4356 1279 4397 nnnoero

157 4447 262 4509 haheri
283 4445 380 4507 vellet.
