3242 5500
434 588 548 639 amna
575 592 712 641 ramos
739 576 756 655 §
785 575 865 643 195.

1129 575 1213 643 ’83

94 760 202 833 fontes
227 769 262 831 et
286 760 401 856 capita
425 720 571 849 viderit,
598 773 632 836 et
657 765 875 837 auctoritatis
898 765 1070 861 pondere,
1096 773 1131 837 et
1144 766 1213 837 uti·

94 870 195 943 litatis
225 868 385 943 ubertate
412 895 587 967 superare.
639 872 692 945 Ac
715 875 745 946 si
769 898 853 961 nos,
880 874 918 946 id
943 874 1038 970 quod
1062 874 1213 947 maxime
1244 893 1287 939 rae

95 978 209 1065 debet,
226 974 376 1075 [nostra]
390 982 504 1077 patria
517 982 667 1055 delectat

94 1097 186 1162 tanta
208 1085 374 1185 natural,
399 1101 439 1164 ut
465 1085 656 1188 [Ithacam]

675 984 797 1069 ,ouius
814 978 898 1079 [rei]
914 991 1013 1057 tanta
1025 992 1076 1057 est
1086 986 1139 1056 vis
1155 980 1211 1080 [ac

673 1092 770 1166 illam
783 1093 820 1165 in
842 1092 1040 1189 asperrimis
1060 1095 1210 1180 curulia,

93 1208 256 1294 tanquam
289 1182 471 1288 nidulum,
498 1202 637 1275 affixam
661 1202 940 1298 sapientissimus
961 1205 1014 1275 vir
1034 1204 1212 1276 immorta-

93 1307 178 1382 litati
212 1316 462 1405 anteponeret3
497 1335 566 1407 quo
597 1334 714 1383 amore
738 1311 883 1384 tandem
903 1312 1112 1385 inflammati
1135 1338 1211 1386 esse

93 1416 255 1489 debemus
289 1418 327 1489 in
359 1420 531 1493 eiusmodi
558 1420 731 1517 patriam,
767 1444 858 1516 quae
890 1443 961 1492 una
985 1421 1022 1493 in
1047 1421 1212 1495 omnibus

92 1527 186 1599 terris
219 1526 345 1599 domus
377 1536 431 1601 est
461 1529 620 1616 virtutis,
654 1529 814 1625 imperii,
840 1528 1050 1624 dignitatis?
1101 1531 1212 1604 Cuius

93 1635 239 1729 primum
264 1636 367 1709 nobis
389 1661 511 1725 mens,
542 1662 638 1725 mos,
664 1638 851 1735 disciplina
876 1646 960 1711 nota
985 1663 1060 1711 esse
1082 1638 1210 1726 debet,

92 1745 142 1816 vel
156 1745 237 1840 quia
261 1753 314 1818 est
338 1740 482 1843 [patria]
507 1772 633 1844 parens
658 1747 817 1819 omnium
841 1755 1022 1834 nostrum,
1049 1749 1104 1821 vel
1129 1750 1212 1846 quia

92 1861 181 1927 tanta
205 1855 379 1950 sapientia
402 1856 510 1929 fuisse
534 1857 572 1929 in
597 1857 673 1928 iure
698 1856 943 1929 constituendo
968 1858 1127 1952 putanda
1145 1867 1210 1945 est,

93 1969 216 2057 quanta
249 1964 318 2036 fuit
353 1964 390 2036 in
425 1965 480 2037 his
509 1966 616 2039 tantis
638 1965 766 2061 opibus
791 1965 931 2061 imperii
955 1968 1209 2062 comparandis.

93 2070 291 2169 Percipietis
325 2074 431 2147 etiam
455 2075 553 2149 illam
579 2100 622 2147 ex
646 2074 848 2171 cognitione
874 2074 960 2147 iuris
985 2076 1152 2149 laetitiam
1175 2084 1211 2150 ct
1239 2091 1283 2141 1⁹⁷

92 2180 322 2277 voluptatem,
346 2183 462 2279 quod,
488 2193 660 2280 quantum

91 2519 141 2551 rum
147 2504 234 2553 dicitur
240 2506 344 2565 plenam
358 2504 437 2561 artic,
452 2506 522 2553 Brut.
537 2509 549 2563 §
566 2507 623 2553 114.

92 2584 224 2639 Postremo,
245 2595 328 2642 neque
349 2582 447 2629 domare
460 2582 572 2631 libidines
586 2584 623 2631 di·

92 2660 273 2717 conclamaret,
289 2664 315 2707 et
328 2660 406 2708 omitti
423 2660 554 2721 oportebat
572 2676 622 2709 om·

92 2753 141 2796 ηεες
154 2743 190 2796 et,
205 2739 274 2800 qnod
286 2738 436 2800 praecipitur
449 2742 535 2786 noatra
549 2741 623 2797 tueri,

91 2817 148 2864 nihil
159 2818 258 2881 attingit
271 2818 381 2878 reliqua,
396 2831 458 2879 quae
471 2819 568 2881 singula
579 2834 623 2867 ve-

91 2897 154 2943 tandi
166 2897 271 2945 oonsilio
285 2896 412 2944 dicunturr
428 2902 452 2946 et
465 2897 528 2946 haec
542 2897 624 2946 omnia

91 2975 135 3022 (lici
147 2976 228 3023 doceri
241 2988 290 3022 nos
303 2959 454 3022 caeleritate
466 2979 578 3039 nutuque
589 2979 622 3024 le·

90 3067 142 3116 pum
160 3053 264 3116 insignis
284 3051 375 3102 abusus
391 3053 450 3102 vitio
464 3052 575 3113 laborat,
590 3055 622 3102 si·

91 3131 183 3192 quidem
196 3133 270 3180 nulla
283 3131 415 3181 samaritas
429 3133 499 3180 docet
506 3167 513 3192 ,
522 3134 566 3182 sed
572 3149 622 3182 mo-

91 3213 126 3256 cct
135 3211 223 3271 potius.
259 3210 313 3258 Mei
325 3209 384 3258 iuris
398 3209 418 3258 si
431 3215 508 3269 esset,
521 3213 623 3273 expulso

90 3293 137 3336 toto
149 3288 192 3336 illo
204 3291 278 3347 loco,
291 3289 326 3336 sic
339 3290 508 3338 continuarem
522 3294 622 3338 senten-

90 3366 145 3424 tias,
158 3381 263 3430 quarum
283 3368 421 3416 naturalem
441 3368 529 3416 seriem
546 3369 622 3418 inter·

91 3450 181 3505 mptam
199 3445 329 3494 videmus=
351 3471 386 3482 -
402 3445 444 3492 los
456 3445 552 3494 lababit
559 3447 622 3506 fan·

91 3523 124 3568 tea
152 3525 260 3570 omnium
288 3523 483 3584 deputationum
512 3538 622 3572 marum.

92 3598 201 3648 Fremant
214 3616 299 3650 manca
312 3603 385 3658 licet,
399 3605 447 3650 cet

122 3681 174 3728 195.
192 3682 274 3742 repam
288 3680 378 3740 fontes
395 3681 421 3727 ct
434 3681 525 3743 capito.
560 3682 621 3730 Nul-

91 3757 123 3803 los
141 3757 181 3806 hio
188 3759 281 3818 sontes
299 3761 378 3822 lepam
391 3759 512 3819 appellari
524 3764 622 3820 oporte-

91 3831 143 3893 bat,
164 3851 240 3898 quum
258 3837 336 3884 modo
348 3837 416 3898 ipsae
429 3838 497 3900 leges
510 3837 622 3886 diceren-

90 3918 126 3960 tur
138 3913 226 3973 futes
242 3915 448 3976 disputationum.
487 3915 537 3964 Sed
549 3914 622 3964 intel·

90 3989 201 4053 ligerem,
217 3996 299 4056 lepum
312 4007 400 4040 vocem,

122 4071 175 4119 leo.
191 4087 223 4119 cc
235 4073 259 4118 at
274 4085 333 4129 nos,
351 4070 379 4117 td
391 4071 456 4132 qaod
467 4071 622 4117 marimedc-

90 4147 139 4206 eet,
168 4149 282 4210 [nostra]
307 4149 396 4209 putria
415 4148 530 4197 delectat.
571 4150 624 4197 Nec

90 4237 130 4284 per
148 4239 174 4274 se
192 4227 258 4275 illud
279 4229 355 4276 Pron.
376 4226 435 4274 ferri
448 4231 544 4288 potest,
560 4227 623 4274 etin

89 4315 116 4348 ea
132 4305 254 4354 sententia
278 4305 347 4366 apud
374 4305 518 4354 Ciceronem
545 4305 624 4353 omitti

90 4381 204 4439 rolat,ut
216 4383 300 4441 infra,
315 4387 328 4441 ξ
343 4384 391 4433 247
400 4417 407 4440 ,
436 4383 495 4431 mn.
510 4383 531 4431 I.
547 4387 560 4441 t
575 4386 622 4441 24,

89 4460 157 4509 etin
177 4462 309 4511 notissimo
330 4463 386 4509 loco
407 4461 478 4510 Offir.
502 4461 523 4508 I.
547 4465 559 4519 t
582 4463 622 4510 57.
658 4453 663 4460 ’

88 4535 161 4597 Turn,
176 4539 368 4604 corrigendum,
383 4540 464 4597 dccet,
477 4553 523 4601 pro
537 4539 622 4587 debet:

86 4613 109 4663 in
123 4617 208 4666 eadem
223 4618 363 4676 sententia,
377 4618 421 4666 sed
431 4618 527 4666 diversa
534 4617 622 4675 torma,

683 2184 920 2280 praestiterint
941 2186 1051 2257 nostri
1064 2186 1211 2262 maiores

673 2506 753 2567 Legg.
768 2504 803 2552 II.
819 2509 831 2563 ξ
847 2509 870 2560 5,
884 2502 1119 2565 posuitacceacceat.
1137 2509 1212 2566 Quod

672 2589 755 2631 autem
769 2582 890 2640 adiicitur,
904 2583 974 2630 cuiue
987 2585 1024 2630 rei
1036 2585 1107 2633 tanta
1117 2588 1210 2646 catch,

672 2660 697 2708 in
724 2660 762 2709 his
789 2660 893 2709 concedi
913 2674 964 2708 non
983 2666 1079 2722 potest,
1101 2664 1211 2713 utillud

672 2739 795 2788 delectare
814 2738 937 2787 indicetur
949 2740 988 2787 rei
1001 2740 1111 2789 nomine:
1126 2744 1209 2803 caius,

670 2819 688 2866 i.
703 2832 724 2866 e.
738 2817 845 2880 patriae:
859 2822 929 2875 tum,
942 2819 981 2866 rel
994 2818 1137 2883 delendum.

707 2897 749 2957 [ae
763 2897 835 2944 tanta
847 2896 964 2957 natura}
998 2897 1075 2945 Recte
1088 2913 1147 2946 sane
1161 2900 1210 2948 clici

671 2980 768 3036 poterat
787 2974 856 3024 istius
875 2974 970 3035 patriae
997 2975 1086 3024 amoris
1113 2979 1210 3026 tantam

671 3067 722 3100 ease
735 3053 794 3110 cim3
809 3053 854 3100 sed
867 3053 963 3100 tantam
974 3054 1103 3114 acturam,
1117 3057 1209 3105 ridicu-

671 3132 723 3179 lam
738 3135 783 3180 est.
823 3131 854 3178 In
866 3131 942 3193 longe
954 3131 1051 3180 diverso
1063 3140 1210 3196 argumento

671 3211 707 3258 cia
727 3212 753 3257 et
772 3211 867 3257 natura
880 3209 949 3271 iungi
962 3211 1058 3267 solent,
1079 3212 1158 3260 veluti
1170 3212 1209 3262 in·

671 3286 722 3346 tra,
738 3290 751 3344 t
766 3289 825 3335 212.
840 3286 914 3338 Cont.
929 3289 1209 3354 quacnotavindnegg.

671 3381 696 3426 p.
711 3367 773 3422 329,
787 3378 825 3426 sq.

707 3442 845 3505 [Ithacam]
866 3444 943 3491 illam.
974 3444 1027 3492 lam
1046 3443 1127 3504 ipsum
1147 3447 1208 3494 Pro·

671 3535 762 3570 nomen
775 3520 869 3583 arguit,
882 3535 975 3569 nomen
987 3521 1089 3570 rtlaeae
1098 3522 1209 3584 interpo-

671 3602 748 3648 latum
777 3613 844 3657 erse,
872 3599 939 3659 quod
966 3613 1025 3648 sane
1045 3600 1138 3664 negligi
1157 3616 1209 3650 non

670 3682 768 3740 poterat
780 3679 860 3740 Legg.
875 3678 910 3725 ΙΙ.
926 3681 939 3735 t
953 3679 978 3725 3.

705 3757 762 3818 'quio
782 3758 820 3804 cat
842 3755 955 3817 [patric]
974 3769 1069 3816 parem
1101 3758 1209 3804 omnium

671 3837 791 3882 metrum
820 3833 979 3882 Manifestum
992 3833 1208 3896 interpolationem

670 3911 786 3960 indicavi.

671 4033 674 4038 .
707 3991 762 4038 197.
776 3991 923 4051 percipietis
939 3991 1013 4038 etiam
1034 3991 1103 4038 illam
1123 4006 1156 4039 ec
1169 4005 1208 4040 co·

669 4069 780 4131 pullione
792 4069 858 4116 turta
871 4070 993 4116 laetitiam
1012 4070 1038 4115 et
1051 4071 1208 4130 coaptarem.

672 4149 728 4196 Non
748 4161 797 4194 una
818 4147 936 4196 decanea
950 4147 1012 4196 haec
1026 4154 1142 4210 corrupta
1155 4163 1209 4199 esse

670 4225 794 4273 videntur.
836 4226 963 4284 Primum,
984 4226 1004 4274 si
1022 4227 1068 4274 ista
1081 4228 1208 4286 coaptas,

672 4319 720 4366 qua
739 4304 765 4352 in
784 4318 813 4352 re
832 4309 991 4363 cerneretur,
1010 4305 1036 4352 in
1050 4305 1150 4354 adiectis
1164 4306 1208 4354 de·

671 4397 739 4430 mum
761 4382 898 4443 explicatur
912 4382 991 4446 (quad
999 4417 1005 4439 ‚
1020 4384 1140 4443 pacatum
1146 4382 1208 4446 -)‚

671 4475 722 4508 non
729 4459 934 4521 oportebatillcm
940 4459 1072 4522 praemitti,
1084 4459 1208 4509 sedlcacz

671 4553 720 4600 quo
740 4539 841 4588 nomine
859 4539 963 4589 tortasse
980 4536 1108 4600 probanda
1122 4543 1160 4587 est
1171 4539 1209 4587 al·

671 4623 725 4666 tera
744 4618 834 4675 lectio,
850 4619 908 4675 illa,
923 4617 989 4678 quod
1004 4618 1078 4665 Pron.
1091 4616 1125 4664 ad
1137 4631 1208 4678 prae·
