3242 5500
382 515 429 584 30
743 536 857 586 urana
883 537 1021 588 carnus
1048 522 1066 602 §
1091 520 1149 590 65⁴.

383 733 494 803 quum
510 709 711 804 cognoverit
732 708 775 782 ab
799 709 864 796 iis,
891 711 1109 805 quitenent,
1135 733 1225 806 quae
1236 710 1307 782 sint
1318 709 1356 781 iu
1368 705 1509 805 quaque

381 843 440 904 re,
472 818 584 890 multo
617 826 790 892 oratorem
810 819 961 907 melius,
986 844 1092 916 quam
1111 820 1208 916 ipsos
1229 819 1329 906 illos,
1356 842 1508 914 quorum

326 949 355 994 aa
384 952 444 999 eae
475 935 558 1000 sunt
588 935 701 1015 artes,
739 953 815 1002 esse
843 928 1032 1002 dicturum.
1084 929 1158 1016 Ita,
1190 929 1220 1002 si
1240 929 1285 1001 de
1302 953 1341 1001 re
1361 927 1508 1004 militari

384 1037 572 1138 dicendum
593 1038 675 1112 huic
697 1038 763 1110 erit
787 1038 960 1134 Sulpicio,
985 1046 1130 1135 quaeret
1151 1064 1172 1112 a
1193 1039 1234 1112 O.
1256 1039 1388 1125 Mario,
1409 1039 1508 1110 affini

381 1156 521 1234 nostra,
554 1155 611 1236 et,
638 1172 748 1244 quum
768 1149 964 1243 acceperit,
991 1150 1041 1222 ita
1062 1147 1329 1245 pronuntiabit,
1356 1155 1397 1220 ut
1422 1143 1507 1243 [ipsi

381 1257 421 1329 0.
447 1252 577 1353 Mario]
604 1281 715 1352 paene
735 1256 791 1330 hic
812 1258 963 1346 melius,
989 1283 1095 1354 quam
1111 1255 1505 1356 ipse,illascirevidea-

379 1375 448 1439 tun.
501 1367 564 1438 Sin
597 1366 641 1439 de
672 1367 748 1440 iure
777 1367 871 1440 civili
882 1399 892 1454 ;
928 1375 1046 1441 tecum
1074 1365 1371 1455 communicabit,
1398 1375 1506 1462 teque

378 1476 557 1548 hominem
584 1475 901 1571 prudentissimum
932 1485 968 1550 et
997 1478 1249 1573 peritissimum
1278 1479 1315 1550 in
1345 1477 1389 1550 iis
1418 1478 1506 1573 ipsis

376 1585 503 1673 nebus,
540 1610 627 1681 quas
660 1585 723 1659 aba
753 1593 790 1658 te
820 1586 1003 1675 didicerit,
1042 1588 1183 1662 dicendi
1212 1595 1286 1660 arte
1310 1586 1504 1684 superabit.

322 1719 352 1769 ar
379 1697 441 1768 Sin
464 1719 554 1791 quae
573 1720 628 1768 res
647 1695 831 1782 inciderit,
858 1698 896 1769 in
917 1721 986 1793 qua
1007 1697 1052 1770 de
1072 1705 1220 1784 natura,
1250 1695 1295 1769 de
1322 1697 1419 1769 vitiis
1441 1695 1505 1768 ho·

378 1806 537 1893 minum,
564 1805 608 1877 de
629 1805 904 1903 cupiditatibus,
930 1805 975 1879 de
995 1807 1121 1894 modo,
1138 1807 1183 1878 de
1199 1807 1438 1893 continentia,
1460 1807 1507 1878 de

378 1916 512 2003 dolore,
540 1915 584 1987 de
604 1921 716 1987 monte
733 1915 922 1989 dicendum
939 1916 1001 2003 sit3
1026 1917 1193 2004 forsitan,
1211 1918 1242 1990 si
1258 1917 1291 1990 ei
1308 1918 1355 1990 sit
1370 1917 1505 2002 visum,

380 2027 462 2114 (etsi
481 2025 565 2098 haec
588 2025 731 2120 quidem
754 2049 859 2098 nosse
876 2025 982 2098 debet
1003 2029 1159 2114 orator),
1188 2051 1270 2100 cum
1299 2027 1378 2098 Sex.
1398 2026 1504 2098 Pom·

377 2137 477 2234 peio,
516 2133 652 2208 erudito
683 2133 826 2208 homine
850 2130 904 2231 [in
923 2132 1186 2233 philosophia],
1211 2135 1504 2209 communicabit:

376 2246 441 2319 hoc
467 2245 622 2343 profecto
650 2245 797 2332 efficiet,
832 2253 895 2333 ut,
928 2269 1187 2343 quamcumque
1216 2269 1292 2318 rem
1317 2271 1337 2318 a
1360 2269 1505 2342 quoquo

375 2357 596 2452 cognoverit,
624 2357 668 2428 de
689 2379 729 2427 ea
751 2354 866 2428 multo
886 2355 979 2428 dicat
1003 2357 1183 2444 ornatius,
1210 2380 1317 2451 quam
1334 2355 1395 2428 ille
1411 2357 1502 2451 ipse,

320 2499 350 2543 cs
377 2467 471 2538 unde
502 2466 672 2562 cognorit.
731 2465 800 2537 Sed
832 2466 863 2536 si
886 2489 943 2538 me
972 2465 1114 2553 audiet,
1149 2465 1317 2561 quoniam
1347 2465 1503 2561 philoso-

376 2575 460 2672 phia
490 2575 527 2647 in
561 2584 632 2648 tres
663 2582 781 2670 partes
812 2583 866 2646 est
892 2573 1047 2662 tributa,
1082 2576 1119 2647 in
1142 2583 1288 2648 naturae
1307 2574 1504 2648 obscurita-

376 2693 470 2775 tem,
496 2687 534 2758 in
557 2683 752 2759 disserendi
774 2683 1029 2774 subtilitatem,
1055 2683 1092 2757 in
1113 2685 1221 2760 vitam
1240 2692 1347 2781 atque
1365 2709 1503 2773 mores3

341 3095 346 3099 -
373 3059 912 3126 potiormihivideretur:cumemphaaiora-
964 3062 1005 3107 tna
1018 3059 1504 3123 tomianmpenerffmmhataratri·

375 3144 417 3190 to·
429 3140 592 3203 opponendus
607 3144 659 3189 erat
666 3138 756 3187 artium
762 3137 912 3187 hominibus.
962 3137 1038 3186 buere
1056 3137 1194 3187 dicebatur.

409 3221 449 3270 66.
466 3222 497 3267 tsi
512 3218 571 3282 [inei
591 3218 617 3265 0.
632 3216 737 3279 Mario}
773 3218 913 3279 Interpola·
995 3218 1093 3264 madito
1105 3217 1201 3264 bomine
1214 3217 1435 3279 [inpitiloeopbia].
1452 3219 1502 3266 aa·

374 3298 467 3346 tionem
488 3297 569 3360 arguit
588 3297 643 3345 cod.
674 3294 796 3355 vindob,
817 3297 843 3343 in
864 3310 913 3357 quo
960 3295 1023 3343 tioni
1039 3299 1065 3344 ct
1078 3295 1160 3343 Latini
1173 3295 1292 3343 sermonis
1305 3297 1444 3345 auctoritati
1457 3297 1504 3344 ad·

374 3390 417 3434 ea,
436 3390 498 3437 quae
511 3376 663 3432 inclusimus,
675 3374 912 3436 planeomittnntur.
961 3378 1086 3431 versatur,
1107 3373 1128 3422 si
1146 3373 1236 3422 dicitur
1249 3374 1364 3422 meatur
1376 3377 1404 3422 ia
1417 3377 1502 3436 aliqua

374 3456 430 3503 Non
444 3458 540 3503 tantum
554 3454 620 3503 enim
634 3456 707 3502 Nom.
715 3453 810 3515 proprii
816 3452 913 3501 iteratio
961 3453 1032 3499 arte.-
1047 3456 1134 3500 contra
1147 3457 1289 3501 constanter
1303 3453 1409 3515 simplex
1422 3452 1501 3503 Abla·

373 3534 458 3595 pntida
479 3538 530 3591 est,
551 3533 595 3581 sed
607 3532 733 3593 eliquanto
746 3532 849 3579 nimium
861 3537 912 3590 ast,
959 3531 1025 3579 tirus
1039 3544 1096 3579 cnm
1108 3530 1153 3579 illo
1166 3530 1299 3593 Participio
1305 3531 1426 3595 iungitur.
1449 3534 1499 3581 Sed

372 3614 393 3661 si
412 3614 507 3661 dicatur
528 3612 607 3660 Mario
623 3611 669 3672 ipsi
683 3609 820 3672 Sulpicium
832 3609 912 3658 videri
960 3624 992 3659 ne
1012 3609 1062 3657 hoe
1080 3609 1181 3670 quidem
1200 3608 1374 3671 probandum,
1387 3612 1499 3671 pbiloso-

373 3692 461 3739 melius
474 3690 550 3749 scire,
566 3704 640 3751 quam
652 3689 745 3751 ipsam,
955 3688 1018 3746 prta
1029 3688 1160 3744 cnidium
1173 3688 1223 3736 hoc
1239 3688 1428 3749 concederetur,
1442 3691 1498 3738 clu-

407 3774 480 3831 teque
492 3768 609 3815 bominem
618 3766 849 3828 prudentiamne.
871 3768 910 3815 lta
959 3765 1008 3813 ato
1014 3767 1184 3827 ptionopttae
1196 3780 1233 3815 cr.
1251 3768 1498 3828 Verumtotnmhoe,

371 3848 460 3897 melius
486 3848 595 3907 editum,
621 3860 695 3907 quam
715 3848 789 3907 atque
809 3844 834 3893 6.
849 3858 909 3904 γη,
957 3844 1072 3904 inpedit,
1087 3843 1417 3907 emblemaeat,profectum
1430 3862 1445 3895 a
1458 3861 1496 3895 se-

372 3924 909 3988 quoniamhoeitaaccipiendum‚tamquam
957 3923 1018 3971 dulo
1036 3922 1186 3986 interprete,
1204 3924 1247 3985 qui
1264 3940 1316 3973 non
1329 3925 1497 3984 meminisset,

370 4006 391 4055 si
405 4006 436 4055 de
450 4005 536 4066 quovis
549 4005 597 4053 alio
612 4002 909 4064 homineprudcntirsimo
956 4006 986 4050 ut
998 4003 1209 4061 doctissimorron,
1223 4002 1258 4051 ita
1271 4005 1497 4052 matoneum

370 4088 493 4148 ageretm.
956 4082 1079 4130 bonam
1099 4080 1125 4145 (ξ
1147 4080 1174 4141 5)
1191 4082 1359 4143 appellatione
1370 4082 1398 4131 in
1411 4072 1497 4146 pn‘mis

405 4163 445 4213 67.
470 4164 620 4209 denatura.
662 4158 781 4208 Absolute
800 4160 908 4221 positum
957 4160 1080 4223 designari
1092 4160 1264 4221 philosophos.

370 4246 461 4291 actara
481 4241 513 4289 ad
533 4240 661 4302 physicam
680 4237 768 4286 referri
787 4240 865 4297 solet,
879 4244 909 4287 ut
990 4238 1034 4287 boc
1041 4238 1162 4299 prefecto
1174 4239 1272 4301 efficia.
1306 4240 1418 4287 Postilla
1425 4238 1495 4299 ‚flir-

369 4336 443 4381 mox,
458 4325 470 4379 ξ
485 4321 531 4376 68,
546 4320 651 4365 acturae
662 4316 797 4365 aramma
804 4317 907 4376 dicitur,
955 4319 1023 4365 sitan
1044 4318 1245 4375 communicarit,
1267 4331 1317 4365 non
1337 4317 1497 4379 probandum

369 4406 394 4449 et
415 4404 427 4459 ξ
449 4400 478 4447 81
501 4412 532 4445 en
547 4398 595 4444 219
610 4408 695 4443 retum
708 4396 809 4443 actara.
825 4399 858 4445 H.
872 4398 905 4454 1.,
956 4396 1084 4456 sequentia
1104 4393 1230 4449 ἀσυνδὲτως
1244 4395 1347 4453 subiici,
1369 4398 1495 4461 corrigen-

368 4480 432 4529 sicut
444 4491 531 4538 supra,
548 4480 560 4533 §
574 4475 614 4533 60,
626 4474 765 4535 postulatur
772 4475 908 4522 denotaris
956 4475 1064 4537 dumque
1078 4474 1190 4536 suspicor
1201 4476 1246 4523 sed
1257 4476 1301 4525 boc
1310 4476 1438 4536 pwficto.

370 4554 686 4625 <hominum)‚sicut§53=
702 4553 905 4611 contra517mo-
930 4553 934 4644 1
991 4555 1032 4601 68.
1049 4555 1123 4614 idque
1137 4555 1282 4615 territamur.
1307 4554 1418 4603 Praetuli
1432 4555 1496 4613 hoc,
