3242 5500
402 570 447 638 82
744 588 858 636 crans
885 588 1021 637 rnrnos
1049 570 1066 650 §
1094 569 1173 637 193.

400 770 478 833 tans
513 761 580 833 ista
612 770 647 833 et
668 760 821 856 gloriosa
844 758 1065 856 philosophia
1088 759 1239 832 delectat
1265 758 1392 844 (dicam
1417 758 1519 829 auda·

401 871 507 957 cius),
533 870 596 943 hos
620 870 764 943 habebit
785 870 899 941 fontes
916 869 1075 941 omnium
1088 868 1367 964 disputationum
1381 891 1519 939 suarum

328 996 376 1043 194
404 974 496 1075 [,qui
520 980 596 1051 iure
621 978 713 1053 civili
737 988 771 1052 et
796 978 936 1075 legibus
960 972 1222 1074 continentur]:
1247 1002 1289 1049 ex
1307 977 1362 1050 his
1380 978 1519 1048 enimet

401 1089 611 1185 dignitatem
636 1090 787 1161 maxime
810 1088 1040 1185 expetendam
1063 1088 1240 1173 videmus,
1266 1110 1376 1183 quum
1400 1110 1518 1170 verus,

400 1199 513 1271 iustus
542 1208 648 1295 atque
672 1199 841 1271 honestus
863 1197 961 1269 labor
982 1196 1189 1283 honoribus,
1212 1196 1391 1292 praemiis,
1406 1195 1519 1291 splen·

400 1308 483 1379 dore
505 1308 708 1394 decoratur,
748 1308 833 1381 vitia
869 1314 987 1379 autem
1023 1306 1211 1379 hominum
1242 1316 1347 1401 atque
1381 1304 1528 1376 fraudes·

400 1416 554 1504 damnis,
575 1417 797 1514 ignominiis,
820 1416 988 1503 vinculis,
1006 1414 1224 1509 verberibus,
1243 1414 1390 1499 exsiliis,
1409 1421 1519 1485 morte

399 1527 607 1599 multantur:
641 1533 674 1598 et
696 1526 863 1598 docemur
884 1550 955 1598 non
979 1525 1129 1597 infinitis
1153 1521 1519 1619 concertationumque

398 1635 512 1731 plenis
545 1634 864 1731 disputationibus,
902 1634 964 1707 sed
988 1635 1195 1707 auctoritate
1219 1640 1379 1727 nutuque
1400 1632 1518 1728 legum

398 1744 548 1817 domitas
584 1744 712 1817 habere
746 1744 932 1830 libidines,
965 1768 1121 1817 coercere
1145 1766 1266 1815 omnes
1291 1741 1517 1837 cupiditates,

398 1862 516 1927 nostra
550 1854 658 1940 tueri,
691 1853 735 1932 ab
766 1854 890 1926 alienis
922 1860 1075 1939 mentes,
1105 1853 1239 1937 oculos,
1265 1875 1391 1923 manus
1415 1850 1518 1923 absti-

323 1982 371 2049 44
397 1986 490 2035 nere.
517 1964 683 2037 Fremant
707 1986 830 2035 omnes
852 1963 950 2050 licet,
974 1963 1105 2048 dicam,
1127 1961 1223 2057 quod
1243 1961 1372 2045 sentio;
1394 1959 1519 2033 biblio·

325 2085 371 2131 1⁹⁵
396 2071 515 2145 thecas
545 2072 750 2145 ¹mehercule
785 2073 945 2145 omnium
981 2070 1266 2168 philosophorum
1303 2092 1397 2142 unus
1434 2069 1518 2142 mihi

396 2181 534 2254 videtur
568 2181 753 2253 duodecim
790 2180 990 2253 tabularum
1024 2180 1184 2265 libellus,
1223 2180 1253 2249 si
1288 2180 1368 2274 quis
1400 2180 1517 2275 legum

396 2502 569 2559 contineatur,
598 2515 673 2563 quum
694 2517 726 2549 nc
754 2508 812 2565 apte
832 2505 932 2566 quidem
981 2505 1070 2553 Nullae
1083 2504 1152 2565 leges
1165 2501 1336 2551 autvirtutcm
1350 2499 1515 2551 autlaborern

388 2580 478 2641 fontes
491 2579 605 2627 dicentur
618 2581 740 2628 contineri
754 2582 853 2645 leproso.
980 2584 1098 2631 decorare
1118 2581 1167 2627 dici
1186 2583 1304 2642 possunt,
1322 2592 1370 2626 nec
1387 2580 1516 2630 mnus

428 2658 484 2706 194.
502 2672 534 2705 en
547 2657 585 2705 hia
598 2658 825 2707 enim-videmus.
855 2661 932 2709 Nullo
980 2666 1023 2709 sut
1031 2660 1152 2721 praemio
1159 2693 1166 2718 ,
1187 2672 1250 2719 quae
1263 2670 1314 2705 non
1327 2658 1375 2705 nisi
1387 2658 1431 2705 vel
1445 2674 1460 2705 s
1472 2673 1514 2719 po-

394 2735 469 2786 modo
488 2735 620 2786 ferendum
640 2741 677 2786 est
697 2738 779 2786 videm
799 2753 832 2787 ec
847 2740 932 2802 aliquo
979 2740 1054 2801 pulo,
1072 2740 1115 2787 vci
1127 2754 1142 2786 a
1154 2741 1241 2786 senatu
1254 2736 1423 2784 decernuntur
1437 2735 1515 2800 (conf.

394 2829 435 2872 re;
456 2816 679 2878 corrigendumque
706 2818 836 2877 discimus,
860 2818 932 2866 sicuti
979 2816 1515 2879 nub.slo‚adniv.xv.4.35,sq.),1nn1to-

393 2907 451 2942 mox
476 2894 565 2942 dicitur
585 2896 707 2943 docemur.
749 2897 799 2944 Sed
819 2911 851 2945 ne
871 2897 931 2944 reli·
980 2897 1115 2958 queminus
1127 2896 1270 2956 splendore,
1285 2893 1328 2955 qni
1340 2909 1392 2942 non
1403 2895 1513 2944 decerni·

394 2985 442 3033 qua
466 2971 567 3034 quidem
591 2971 689 3035 integra
715 2973 746 3023 sd
767 2989 813 3023 nos
836 2977 932 3037 perlate
979 2979 1035 3031 tur,
1049 2975 1093 3023 sed
1106 2988 1189 3023 comes
1202 2978 1239 3022 est
1252 2972 1376 3036 dignitatis
1390 2978 1416 3022 et
1429 2973 1514 3034 nmpli·

393 3051 459 3099 sunt.
507 3049 576 3098 Nihil
595 3050 714 3100 adiuvant
731 3053 774 3102 rel
794 3052 866 3112 libri,
889 3056 933 3103 vel
979 3053 1071 3102 tudinis
1091 3057 1117 3102 ct
1134 3067 1218 3101 rerum
1239 3056 1377 3114 gestarum:
1403 3051 1517 3113 idemque

392 3133 455 3177 vett.
482 3127 617 3177 Editiones.
658 3130 705 3178 Edi
725 3131 835 3191 solebat,
857 3147 933 3193 quum
980 3130 1113 3179 dicendum
1139 3130 1170 3178 de
1196 3129 1311 3191 reliquis,
1336 3130 1363 3176 in
1383 3129 1476 3192 quibus
1494 3137 1518 3178 et

393 3219 464 3255 cerus
484 3206 509 3252 et
528 3207 609 3254 iustos
629 3208 704 3268 atque
721 3208 837 3257 honestus
850 3212 930 3270 udor,
980 3210 1077 3267 domna,
1092 3208 1278 3273 etipnomintoe,
1290 3209 1421 3267 stessilio,
1433 3215 1518 3257 contre

393 3285 419 3332 in
446 3283 536 3346 quibus
557 3283 617 3344 quid
635 3283 682 3333 sibi
703 3287 832 3337 offensioni
851 3295 930 3348 esset,
978 3292 1133 3336 constantem
1146 3286 1359 3346 consuetudinem,
1372 3288 1518 3348 pluralinn·

393 3363 534 3428 Madvigius
561 3363 696 3414 declaravit
720 3367 787 3428 apud
807 3367 930 3417 Henrich·
979 3379 1048 3414 mero
1067 3365 1227 3414 enuntiantur
1247 3364 1328 3429 (conf.
1348 3366 1422 3414 Offic.
1444 3367 1517 3422 1115

393 3441 489 3490 senium
510 3440 588 3490 adh.
609 3443 627 3490 l.
650 3443 723 3492 Cani.
745 3445 837 3506 Opusc.
852 3446 931 3495 Acad.
980 3442 1048 3506 23.):
1063 3445 1089 3492 in
1102 3443 1517 3507 quibusnequehocnegligendum

393 3521 414 3568 Ι.
436 3535 461 3582 p.
481 3521 539 3571 336.
574 3520 765 3585 Wesenbergius
779 3527 892 3586 etqaum
903 3524 931 3572 in
979 3529 1031 3580 est,
1046 3522 1230 3583 quodtrnditur
1244 3521 1519 3580 transmontana

392 3599 520 3661 quoniam,
550 3604 575 3647 et
599 3613 671 3648 suos
696 3601 722 3649 in
742 3602 822 3650 uirtus
841 3603 931 3652 mutari
978 3603 1006 3649 is
1026 3602 1076 3664 ispe
1094 3601 1180 3649 nostra
1193 3600 1351 3662 reperietur,
1371 3601 1518 3664 maleficias·

391 3677 485 3734 voluit,
508 3682 561 3726 turn
581 3681 607 3725 et
627 3679 708 3726 iustus
728 3678 815 3738 abiici3
834 3680 861 3729 in
882 3695 930 3742 qua
978 3680 1150 3727 ullumecsilio
1163 3693 1215 3726 esse
1227 3679 1368 3726 multotum
1403 3680 1516 3741 Sequun-

391 3755 506 3816 opinione
528 3756 576 3805 hoc
596 3755 657 3804 mihi
675 3758 774 3807 ridetur
786 3757 929 3821 improbari·
977 3764 1019 3806 tur
1039 3758 1115 3816 baec,
1136 3758 1249 3820 infinitae
1261 3758 1519 3820 momentumque

391 3833 451 3882 dum
479 3849 546 3893 esse,
573 3837 640 3896 quod
663 3836 742 3883 virtus
761 3837 809 3884 iam
830 3837 930 3885 nomine
973 3839 1063 3897 plenae
1076 3836 1269 3897 disputationes,
1283 3825 1517 3898 quorum'vianid-

391 3912 523 3972 dipuitatie
547 3915 622 3962 modo
644 3915 781 3977 significata
801 3920 869 3973 crat,
890 3915 929 3978 ip·
979 3929 1052 3977 quam
1072 3919 1129 3976 apte
1149 3915 1252 3963 dictum.
1293 3915 1415 3964 Novimus
1435 3916 1517 3965 exhis

391 4003 467 4051 saque
488 3991 598 4054 dipnilns
619 3993 680 4040 nihil
701 3992 768 4040 aliud
782 3997 834 4050 est,
856 4008 930 4054 quam
977 3993 1036 4055 ipsis
1056 3991 1125 4041 libris
1145 3994 1257 4055 infinitae
1278 3995 1448 4055 quaestiones,
1462 3996 1480 4043 i.
1495 4009 1517 4042 e.

391 4067 526 4116 honestum.
568 4069 637 4118 Nihil
656 4070 709 4134 ipse
730 4071 849 4133 expedio:
873 4076 929 4120 tan·
978 4072 1009 4119 dc
1020 4086 1047 4119 re
1060 4071 1170 4128 intinita3
1188 4072 1231 4119 sed
1245 4086 1367 4133 nusquam
1379 4072 1518 4134 reperimus

389 4151 443 4195 turn
458 4147 524 4208 quod
538 4147 570 4194 ad
583 4149 719 4197 sententiae
727 4149 930 4210 compositionem
977 4150 1288 4212 infinitasds’aputationes,
1303 4165 1364 4211 quas
1376 4165 1410 4199 ne
1421 4152 1518 4213 sicqui-

390 4225 489 4282 attinet,
502 4239 552 4274 non
558 4225 680 4285 reticebo,
690 4228 868 4289 exspectavisse
875 4243 928 4287 me,
977 4228 1035 4275 dem
1047 4227 1205 4288 interpretari
1216 4226 1317 4287 licebit,
1330 4232 1359 4276 ut
1371 4229 1423 4278 sint
1433 4230 1518 4292 dispu-

389 4309 417 4352 ut
430 4318 459 4352 es
471 4303 612 4352 huiusmodi
621 4304 721 4364 fuisset,
737 4321 812 4368 quum
824 4306 930 4354 laborem
976 4306 1095 4363 tationes,
1109 4320 1172 4366 quse
1184 4321 1236 4354 non
1241 4305 1316 4354 facile
1321 4308 1354 4355 sd
1360 4307 1455 4356 exitum
1461 4323 1520 4371 per·

389 4383 501 4430 decorari
514 4382 633 4440 adamus,
642 4388 666 4432 et
673 4397 731 4431 mox
737 4386 850 4432 multari.
871 4384 928 4433 Dis-
977 4384 1090 4432 vcniant:
1104 4389 1171 4442 tum,
1185 4399 1231 4446 pro
1245 4387 1456 4434 coacwtatioaum
1462 4387 1519 4448 ple·

389 4459 561 4508 cedendumne
575 4461 610 4509 sic
623 4465 661 4510 est
675 4461 706 4508 ab
719 4462 768 4508 hoc
779 4462 854 4510 loco?
872 4463 929 4511 Non
978 4475 1036 4520 nae,
1048 4462 1181 4510 dicendum
1187 4462 1519 4526 fuerstconcertationispl,

389 4535 475 4586 dubito
494 4529 600 4596 dicere,
613 4539 681 4600 quod
701 4539 795 4596 sentio,
818 4539 929 4600 quamvis
978 4554 1027 4602 qno
1047 4540 1167 4604 singulari
1186 4541 1301 4590 Genitivo
1325 4540 1363 4592 tei
1388 4541 1520 4592 character

390 4614 528 4663 fastidiosus
543 4621 568 4664 et
582 4617 653 4666 nimis
667 4611 815 4680 suspiciosus
826 4615 929 4666 habear.
976 4620 1114 4678 indicatur,
1128 4621 1191 4669 sicut
1203 4620 1320 4669 «ambonis
1334 4635 1414 4683 genus
1422 4622 1519 4670 Stoico·
