3242 5500
405 494 451 565 74
753 517 865 567 ranna
893 518 1031 567 paruus
1057 502 1075 582 §
1103 501 1183 572 175.

401 694 650 760 testamentum
684 696 872 776 mutasset,
907 699 959 776 et,
993 715 1098 787 quern
1133 695 1165 766 ei
1197 677 1310 767 visum
1341 704 1451 782 esset,
1475 698 1519 769 fe

402 800 505 871 cisset
538 796 720 885 heredem,
755 808 916 896 essetque
949 800 1025 896 ipse
1049 810 1228 889 mortuus,
1252 828 1308 876 res
1331 805 1447 878 delata
1470 816 1518 877 est

401 907 446 979 ad
470 907 722 994 centumviros,
748 931 859 1003 quum
876 909 1353 999 milesdomumrevenisset‚
1379 915 1520 1010 egisset·

401 1042 469 1115 que
502 1019 580 1114 lege
608 1017 645 1089 in
670 1016 899 1090 hereditatem
925 1026 1104 1115 paternam
1130 1014 1355 1116 [testamento
1379 1023 1517 1096 exheres

293 1137 295 1141 ’
400 1129 505 1200 filius.
559 1126 696 1224 Nempe
732 1126 768 1199 in
804 1152 845 1199 ea
878 1123 998 1225 causa]
1038 1130 1236 1224 quaesitum
1268 1139 1320 1203 est
1355 1126 1416 1226 [de
1447 1134 1518 1205 iure

319 1268 321 1274 ’
399 1232 531 1334 οἱνί]ἱ],
580 1243 744 1332 possetne
780 1244 1006 1332 paternorum
1047 1237 1220 1311 bonorum
1262 1239 1406 1312 exheres
1447 1266 1517 1314 esse

398 1348 512 1435 filius,
546 1369 652 1443 quem
683 1354 782 1441 pater
816 1354 1025 1419 testamento
1057 1372 1172 1445 neque
1194 1347 1378 1437 heredem,
1406 1374 1516 1447 neque

398 1455 605 1529 exheredem
630 1456 824 1551 scripsisset
847 1456 1067 1529 nominatim.

223 1628 227 1648 ,
326 1573 373 1641 39
448 1566 569 1642 Quid?
594 1590 663 1661 qua
688 1565 731 1637 de
752 1589 788 1636 re
812 1565 905 1636 inter
928 1564 1114 1638 Marcellos
1127 1575 1162 1638 et
1175 1566 1341 1639 Claudios
1354 1568 1516 1664 patricios

53 1673 100 1778 lp,-
120 1690 166 1747 ta·
180 1681 242 1740 rr*
277 1754 281 1773 k
323 1701 369 1751 rra
397 1674 604 1749 centumviri
638 1674 858 1761 iudicarunt,
895 1698 1005 1771 quum
1039 1674 1198 1749 Marcelli
1232 1675 1277 1747 ab
1307 1676 1424 1749 liberti
1447 1679 1516 1750 filio

60 1854 67 1866 ,
115 1827 130 1866 a
208 1796 287 1857 &mh
397 1762 523 1882 stirpe,
568 1784 708 1856 Claudii
742 1784 879 1880 patricii
912 1784 1069 1856 eiusdem
1102 1784 1254 1857 hominis
1289 1784 1515 1859 hereditatem
1527 1796 1581 1897 με’]

58 1865 132 1917 ²¹¹*
191 1898 267 1994 ..m
396 1904 501 1995 gente
534 1894 579 1967 ad
613 1918 649 1966 se
681 1894 827 1965 rediisse
859 1893 1031 1981 dicerent,
1057 1919 1175 1967 nonne
1198 1895 1235 1966 in
1262 1919 1302 1966 ea
1325 1920 1429 1967 causa
1454 1896 1523 1968 fuit·
1569 1943 1581 1988 ,a

73 1994 84 2057 l
131 2007 187 2107 J,
395 2003 590 2078 oratoribus
615 2004 659 2076 de
681 2011 752 2074 toto
778 2003 898 2099 stirpis
922 2028 961 2075 ac
986 2004 1192 2099 gentilitatis
1217 2005 1293 2075 iure
1306 1993 1544 2077 dicendumi⁶

79 2135 89 2216 q
121 2176 126 2197 Ἃ
144 2120 191 2161 ¹2¹³
229 2100 264 2149 '⁴⁵'
278 2168 295 2213 ·.
323 2140 369 2193 rar
394 2116 519 2193 Quid?
542 2112 638 2210 quod
663 2112 745 2184 item
771 2113 808 2183 in
834 2113 1075 2185 centumvirali
1097 2113 1228 2185 iudicio
1252 2122 1423 2186 certatum
1442 2140 1514 2187 esse
1541 2144 1546 2156 ·

215 2235 220 2250 “
256 2235 259 2243 “
283 2279 293 2317 5
394 2225 604 2321 accepimus,
622 2246 733 2317 quum
746 2222 896 2294 Romam
909 2222 946 2293 in
960 2222 1123 2294 exsilium
1135 2223 1299 2308 venisset,
1313 2223 1371 2295 cui
1383 2224 1513 2296 Romae

91 2422 94 2430 y
242 2326 247 2352 ’
394 2335 553 2407 exsulare
588 2332 642 2403 ius
676 2338 787 2415 esset,
822 2332 852 2403 si
886 2355 922 2402 se
953 2331 997 2403 ad
1022 2331 1175 2427 aliquem
1201 2332 1301 2427 quasi
1327 2341 1513 2428 patronum

110 2430 149 2543 ’ἡ
217 2470 275 2506 κν
393 2442 656 2540 applicavisset,
691 2441 923 2536 intestatoque
948 2450 1038 2512 esset
1063 2448 1241 2527 mortuus,
1268 2465 1386 2513 nonne
1411 2444 1449 2514 in
1475 2468 1512 2514 ea

118 2545 157 2556 '¹
210 2546 212 2553 ⁴
392 2577 497 2626 causa
533 2552 588 2624 ius
625 2549 888 2647 applicationis,
922 2549 1111 2621 obscurum
1144 2575 1228 2622 saue
1261 2558 1296 2622 et
1329 2551 1510 2647 ignotum,

391 2661 604 2764 patefactum
629 2660 665 2731 in
692 2659 822 2731 iudicio
848 2668 954 2757 atquc
978 2659 1193 2731 illustratum
1219 2668 1271 2731 est
1296 2685 1316 2731 a
1341 2663 1511 2757 patrono?

314 2800 360 2851 rra
391 2773 511 2850 Quid?
536 2795 665 2868 nuper,
691 2795 802 2866 quum
828 2794 894 2865 ego
920 2769 960 2841 O.
980 2769 1093 2864 Sergii
1108 2768 1262 2840 Amatae
1281 2778 1401 2842 eontra
1418 2770 1510 2844 hunc

388 2890 547 2955 nostrum
573 2879 770 2952 Antonium
795 2877 925 2951 iudicio
950 2878 1082 2974 privato
1108 2903 1247 2950 causam
1265 2879 1509 2966 defenderem,

388 3016 505 3064 nonne
530 2991 644 3062 omnis
669 2997 786 3060 nostra
805 2987 842 3058 in
863 2990 939 3059 iure
955 2996 1090 3060 versata
1110 2987 1266 3060 defensio
1285 2989 1361 3060 est?
1387 2990 1510 3065 Quum

278 3157 283 3170 .
388 3101 483 3173 enim
506 3098 555 3172 M.
578 3097 714 3170 Marius
736 3096 962 3169 Gratidianus
981 3097 1084 3169 aedes
1103 3096 1256 3169 Amatae
1273 3096 1508 3184 vendidisset,

387 3235 502 3306 neque
528 3208 655 3300 Sffljie
681 3205 858 3303 quandam
883 3229 1003 3277 earum
1028 3206 1168 3278 aedium
1193 3206 1390 3302 partemin
1409 3232 1507 3280 man·

387 3321 470 3416 cipii
495 3319 572 3415 lege
597 3317 760 3401 dixisset,
792 3315 1085 3401 defendebamus,
1112 3314 1281 3412 quicquid
1306 3315 1429 3388 fuisset
1455 3318 1507 3389 in·

385 3428 559 3501 commodi
592 3428 629 3499 in
664 3424 859 3520 mancipio,
894 3424 950 3511 id,
985 3425 1015 3496 si
1040 3424 1200 3496 venditor
1224 3425 1363 3510 scisset,
1394 3451 1509 3522 neque

420 3780 476 3830 177.
494 3792 568 3841 quam
588 3777 693 3842 Romam·
710 3777 736 3823 ia
752 3777 868 3823 exsilium
881 3791 920 3825 ae-
970 3775 1111 3824 Emendatt.
1132 3790 1158 3837 p.
1182 3775 1237 3824 178.
1289 3777 1385 3838 Nempe
1405 3778 1510 3838 protasis

385 3858 469 3906 auset.
503 3855 646 3905 Necessario
659 3853 789 3916 suscipitur
802 3853 922 3902 Ellendtii
969 3853 1099 3902 inchoatur
1119 3853 1233 3901 Relaiivo
1253 3853 1321 3915 quad
1332 3854 1508 3917 (sicutmodo,

384 3935 520 3992 eorrectio,
541 3948 629 3996 wem,
650 3947 696 3994 pro
715 3933 786 3996 vulg.
804 3934 855 3994 qai.
889 3932 920 3980 In
970 3945 1018 3993 quo
1034 3932 1119 3988 dere,
1134 3932 1260 3981 eteodem
1273 3932 1452 3996 modom-¹3),
1468 3938 1508 3990 et,

384 4006 512 4064 Niebuhrii
526 4010 919 4074 nist.1r0m.1.p.3ooed.3tne,
968 4013 1025 4071 post
1045 4010 1117 4071 plura
1137 4010 1295 4072 interposita,
1315 4011 1430 4072 apodesis
1442 4026 1509 4061 nova

384 4093 475 4142 frustra
484 4141 486 4145 ,
495 4091 604 4153 quaesivi
617 4090 852 4140 demonstrationem
865 4088 919 4136 ido·
968 4088 1048 4136 forma
1060 4087 1204 4147 inchoatur,
1223 4102 1302 4136 aenae
1314 4090 1459 4137 iaeaeausa
1466 4118 1508 4138 -.

385 4173 436 4221 neis
451 4169 592 4220 auctoribus
603 4170 700 4227 nixam,
716 4183 778 4231 quae
786 4168 921 4229 explicaret
969 4167 1000 4214 In
1013 4168 1062 4215 fine
1076 4166 1149 4215 huius
1162 4167 1212 4215 loci
1221 4167 1372 4229 interpolata
1387 4181 1439 4217 esse
1454 4170 1509 4216 exi·

383 4251 445 4300 illud
459 4251 499 4298 ius
512 4250 691 4311 applicationis.
717 4248 767 4296 Sed
779 4248 918 4295 totiussen-
967 4244 1040 4293 atimo
1053 4242 1130 4293 verba
1143 4261 1159 4293 a
1167 4248 1284 4306 patrona.

382 4329 473 4377 tentiae
487 4327 689 4388 compositionem
701 4325 918 4374 minusintellexe·
1004 4323 1059 4373 178.
1077 4338 1154 4386 aeque
1172 4325 1265 4373 servire
1283 4325 1406 4386 quandam
1420 4339 1508 4375 earum

382 4410 441 4454 runt
453 4405 482 4463 ii,
497 4407 720 4467 quilacunamesse
728 4403 919 4464 pronuntiarunt
967 4403 1064 4450 aedium
1083 4403 1184 4463 partem
1208 4402 1318 4450 timrei.
1361 4404 1507 4452 Necessario
1600 4394 1601 4447 j

382 4489 438 4545 post
457 4483 532 4546 rerba
553 4484 617 4531 esaei
636 4482 762 4538 mortuas,
784 4479 872 4541 quibus
891 4497 917 4529 a·
967 4481 1156 4545 corrigendum,
1171 4496 1325 4544 mquam.

382 4561 493 4622 stipulari
522 4563 620 4610 ridetur
651 4559 790 4622 Madvigius
821 4573 918 4621 quoque
1003 4560 1058 4610 179.
1077 4561 1102 4607 et
1123 4575 1166 4607 sao
1180 4561 1358 4620 rolderapieas
1372 4562 1397 4607 et
1413 4576 1429 4606 a
1444 4563 1508 4607 iuris
