3242 5500
451 556 563 606 ursan
590 555 790 605 sacunnus.
819 539 836 619 §
863 538 944 609 164.
1189 540 1257 608 189

131 727 344 823 explicanda
378 737 450 814 est,
482 729 549 801 sic:
589 728 619 802 si
651 728 814 830 maiestas
847 735 898 800 est
919 753 975 801 am
1002 729 1114 801 titudo
1139 754 1179 802 ac
1204 729 1256 801 di-

158 839 254 909 uites
277 837 446 926 civitatiS,
472 837 503 911 is
527 863 604 910 eam
629 838 776 925 minuit,
803 838 864 933 qui
887 839 1077 911 exercitum
1096 838 1257 912 hostibus

130 947 258 1043 populi
282 948 435 1021 Romani
457 948 622 1034 tradidit,
648 973 720 1020 non
745 948 808 1044 qui
831 973 934 1034 eum,
961 951 1022 1042 qui
1044 949 1082 1020 id
1101 950 1257 1036 fecisset,

130 1057 259 1151 populi
282 1057 434 1130 Romani
458 1058 621 1155 potestati
645 1057 801 1130 tradidit.
849 1057 911 1129 Sin
928 1082 1025 1152 pars,
1052 1059 1256 1153 partitione,
1285 1083 1331 1130 ma

129 1165 200 1238 hoc
223 1167 347 1238 modo:
374 1175 435 1239 aut
458 1168 595 1240 senatui
619 1168 814 1264 parendum
839 1167 883 1239 de
901 1167 1012 1239 salute
1029 1167 1079 1239 rei
1096 1167 1257 1262 publicae

130 1275 224 1361 fuit,
250 1283 313 1347 aut
336 1276 434 1348 aliud
455 1277 643 1349 consilium
665 1277 944 1362 instituendum,
970 1284 1029 1347 aut
1053 1300 1115 1348 sua
1133 1285 1257 1371 sponte

129 1385 354 1458 faciendum:
391 1386 489 1458 aliud
521 1386 727 1472 eonsilium,
764 1385 973 1481 superbum;
1010 1409 1133 1472 suum,
1164 1410 1256 1457 arro·

129 1519 240 1590 gans;
284 1495 457 1567 utendum
495 1496 606 1591 igitur
642 1495 709 1567 fuit
744 1495 890 1568 oonsilio
927 1503 1079 1567 senatus.
1144 1495 1181 1566 Si
1215 1519 1257 1566 ex

130 1604 322 1691 vocabule,
349 1613 389 1677 ut
414 1605 544 1678 Carbo:
572 1606 602 1677 si
627 1606 751 1678 consui
772 1612 842 1691 est,
865 1605 927 1701 qui
943 1604 1099 1682 consulitx
1111 1603 1257 1700 patriae,

131 1714 225 1810 quid
248 1714 346 1786 aliud
367 1714 451 1788 fecit
474 1715 665 1811 Opimius?
692 1715 754 1787 Sin
778 1714 822 1786 ab
848 1740 908 1801 eo,
935 1715 1031 1810 quod
1054 1737 1129 1785 rem
1149 1713 1255 1785 attin·
1284 1743 1327 1789 ma

130 1824 208 1919 git,
240 1825 359 1921 plures
386 1832 471 1897 sunt
498 1833 787 1920 argumentorum
818 1823 917 1896 sedes
941 1849 981 1896 ac
1005 1823 1090 1896 loci:
1117 1847 1200 1894 nam
1224 1831 1257 1894 et

129 1934 323 2006 coniuncta
355 1958 581 2029 quaeremus,
612 1942 647 2006 et
679 1957 829 2029 genera,
864 1939 898 2004 et
927 1939 1043 2029 partes
1069 1933 1257 2028 generibus

130 2042 330 2128 subiectas,
356 2051 392 2115 et
413 2042 683 2128 similitudines,
711 2051 745 2115 et
769 2041 1092 2127 dissimilitudines,
1120 2049 1154 2114 et
1175 2066 1257 2114 con·

130 2154 262 2238 traria,
288 2158 322 2224 et
345 2151 616 2246 consequentia,
643 2159 678 2223 et
700 2159 954 2238 consentanea,
981 2158 1016 2222 et
1040 2151 1140 2245 quasi
1157 2175 1255 2248 prae·

130 2262 328 2347 currentia,
366 2269 402 2333 et
436 2261 689 2357 repugnantia,
724 2268 760 2332 et
785 2285 907 2334 causas
931 2284 1047 2331 rerum
1069 2260 1256 2354 vestigabi-

130 2397 234 2458 muS,
262 2379 297 2443 et
322 2394 382 2456 ea,
409 2394 499 2466 quae
521 2395 565 2442 ex
587 2372 702 2442 causis
718 2377 794 2442 orta
811 2370 900 2455 sint,
922 2377 955 2442 et
972 2368 1119 2455 maiora,
1143 2369 1256 2464 paria,

130 2482 271 2553 minora
296 2504 512 2575 quaeremus.

182 2591 239 2662 Ex
275 2589 488 2685 coniunctis
506 2589 555 2661 sic
588 2598 796 2686 argumenta
834 2589 1028 2662 ducunturz
1072 2588 1101 2660 si
1137 2586 1258 2684 pietati
1283 2591 1330 2659 40

132 2723 274 2774 summa
304 2697 493 2791 tribuenda
529 2699 605 2772 laus
630 2707 703 2787 est,
735 2697 871 2773 debetis
896 2698 1046 2785 moveri,
1073 2722 1184 2794 quum
1210 2698 1256 2773 Q.
1284 2715 1329 2769 16⁷

132 2810 324 2883 Metellum
352 2815 425 2880 tam
454 2808 512 2905 pie
536 2810 658 2905 lugere
679 2810 838 2883 videatis.
889 2809 944 2881 Ex
968 2832 1096 2903 genere
1120 2815 1257 2880 autem:

133 2920 164 2993 si
188 2919 416 3014 magistratus
441 2918 477 2989 in
501 2919 623 3013 populi
646 2919 798 2991 Romani
821 2943 896 2991 esse
917 2925 1091 3014 potestate
1112 2916 1257 3003 debent,

133 3029 224 3125 quid
270 3026 478 3099 Norbanum
521 3052 681 3114 accuser,
721 3027 821 3100 cuius
855 3027 1056 3100 tribunatus
1090 3027 1260 3099 voluntati

132 3137 254 3235 paruit
278 3136 454 3209 civitatis?
501 3135 557 3208 Ex
581 3143 679 3233 parte
702 3148 819 3209 autern
840 3162 897 3223 ea,
925 3161 1015 3233 quae
1032 3144 1085 3209 est
1102 3135 1259 3209 subiecta
1284 3156 1330 3201 168

134 3247 277 3344 generi:
306 3246 336 3318 si
357 3270 497 3332 omnes,
523 3247 586 3342 qui
609 3246 843 3342 reipublicae
867 3246 1077 3332 consulunt,
1103 3246 1173 3319 cari
1195 3271 1257 3317 no·

133 3358 191 3429 bis
220 3380 296 3428 esse
325 3354 475 3441 debent,
506 3363 598 3427 certe
627 3356 664 3427 in
691 3356 813 3451 primis
836 3357 1082 3452 imperatoreS,
1109 3380 1259 3451 quorum

133 3466 313 3552 consiliis,
343 3464 491 3550 virtute,
521 3464 686 3560 periculis
713 3466 905 3538 retinemus
928 3473 963 3537 et
987 3474 1142 3538 nostram
1167 3465 1258 3537 salu-

170 3793 215 3854 qm'
228 3792 267 3838 aa
280 3791 349 3838 aeder
359 3818 393 3827 —
403 3795 585 3841 commonstret.
607 3796 675 3842 Non·
725 3808 792 3842 nunc
803 3792 857 3855 ipse
871 3792 1014 3859 aggreditur
1025 3792 1145 3843 eiusmodi
1151 3794 1260 3857 discipli·

137 3872 198 3919 dum
209 3869 350 3931 expositum
355 3869 421 3928 vidi,
433 3872 548 3933 adquam
554 3872 678 3934 pertineat
725 3886 792 3921 nam.

137 3950 202 3998 illud
224 3950 282 4011 qui,
310 3962 387 4009 quum
406 3950 540 4010 praecedat
559 3952 631 4009 illuc,
653 3955 678 4000 et
761 3952 817 4000 163.
835 3951 901 4013 quod
915 3952 1069 3999 comatoria
1081 3952 1192 3999 oratione
1200 3966 1260 4013 pro-

137 4029 179 4075 uti
193 4028 300 4075 etuade.
318 4028 363 4083 Et,
377 4028 494 4088 qnoniam
500 4029 623 4077 Antonius
629 4029 678 4077 hoe
726 4031 845 4088 bandum,
862 4029 1062 4091 [refellendam]
1096 4030 1159 4089 Alii,
1173 4031 1218 4078 aut
1229 4030 1263 4077 ad

138 4106 263 4168 explicat,
278 4119 327 4166 quo
341 4106 415 4153 modo
428 4106 481 4168 ipse
493 4107 591 4156 erudire
600 4110 679 4157 vellet
722 4109 809 4169 prob„
822 4109 867 4155 cat
880 4108 914 4155 cd
926 4108 1024 4168 roseth,
1040 4108 1107 4168 quod
1119 4106 1183 4157 bene
1192 4108 1261 4157 dese·

138 4184 252 4233 futurum
273 4188 413 4243 oratorem,
433 4199 484 4233 non
498 4186 557 4245 quid
570 4186 624 4235 aliis
637 4202 677 4236 re·
726 4188 776 4237 ruit
794 4187 933 4249 Kayserus,
955 4186 997 4247 qui
1016 4186 1079 4235 vidit
1099 4187 1263 4247 refellendam

138 4263 244 4311 licturus
271 4266 348 4319 esset,
376 4276 408 4309 ne
433 4268 490 4324 apte
517 4264 617 4324 quidem
642 4270 679 4315 est
727 4265 893 4315 obiiciendum
918 4279 986 4322 ease,
1013 4266 1072 4313 coll.
1101 4268 1113 4323 ξ
1141 4266 1187 4311 181
1209 4264 1262 4312 init.

138 4342 213 4388 tertia
232 4354 341 4401 persona
353 4340 379 4387 in
393 4340 475 4389 verbis
489 4345 677 4402 commonstret,
728 4345 778 4394 Sed
794 4344 869 4392 facile
883 4358 955 4393 careo
970 4345 1059 4404 Praep.
1074 4342 1114 4401 ta,
1136 4347 1192 4389 ante
1206 4355 1263 4389 ora·

139 4420 266 4478 ilhaetret,
298 4418 418 4481 definiat:
451 4424 476 4468 et
503 4422 679 4485 corrigendum
729 4425 803 4472 tiam.

140 4511 248 4555 censeo,
279 4498 321 4545 abi
347 4497 386 4544 illi
412 4498 482 4547 aeder
503 4527 538 4537 —
558 4516 678 4550 commem
763 4501 820 4551 167.
839 4514 913 4563 quum
935 4499 962 4553 Q.
985 4497 1112 4545 Metellum
1132 4524 1166 4531 —-
1183 4500 1266 4557 tepere

140 4578 218 4623 atrem
231 4577 572 4641 -itlaatrem—defiutam.
592 4582 679 4641 Itaque
727 4580 840 4627 videatis.
875 4577 1070 4641 corrigendum,
1085 4575 1181 4623 uidetis.
