3242 5500
357 451 425 519 120
699 468 812 519 aranu
838 468 1029 519 secuunus
1055 452 1073 532 §
1099 451 1132 519 2.

356 640 458 712 etiam
484 640 573 713 illud
598 666 699 737 saepe
724 642 962 715 intelleximus
978 644 1104 738 (quum
1116 663 1272 713 essemus
1284 637 1477 722 eiusmodi,

357 748 452 845 quod
476 750 530 821 vel
554 752 654 845 pueri
680 753 809 824 sentire
832 753 1068 845 poteramus),
1092 749 1194 822 illum
1219 756 1255 820 et
1276 748 1411 818 Graece
1431 747 1479 817 sic

357 858 474 953 loqui,
511 858 644 931 nullam
680 868 721 932 ut
756 885 859 932 nosse
894 860 998 931 aliam
1031 860 1190 954 linguam
1222 857 1422 943 videretur,
1447 864 1480 926 et

358 966 558 1041 doctoribus
591 970 720 1042 nostris
752 994 792 1041 ea
822 993 951 1064 ponere
982 968 1020 1040 in
1055 967 1336 1065 percunctando,
1371 988 1480 1059 eaque

358 1077 475 1172 ipsum
507 1078 604 1149 omni
635 1079 671 1151 in
703 1103 862 1151 sermone
892 1086 1060 1162 tractare,
1084 1086 1124 1149 ut
1149 1076 1238 1149 nihil
1262 1100 1339 1147 esse
1363 1075 1399 1145 ei
1420 1097 1479 1145 no-

317 1198 334 1261 s‘
358 1210 461 1271 vum,
498 1186 588 1259 nihil
622 1188 824 1261 inauditum
861 1187 1046 1259 videretur.
1098 1186 1156 1257 De
1185 1186 1343 1257 Antonio
1378 1208 1478 1267 vero,

359 1319 573 1391 quamquam
603 1322 705 1393 saepe
730 1323 772 1369 ex
798 1296 1053 1369 humanissimo
1077 1296 1238 1381 homine,
1270 1302 1402 1390 patruo
1421 1316 1479 1364 no«

360 1413 451 1491 stro,
476 1429 739 1502 acceperamus,
754 1406 1053 1502 quemadmodum
1066 1406 1138 1491 ille,
1162 1405 1217 1477 vel
1237 1403 1406 1488 Athenis,
1430 1400 1480 1471 vel

361 1512 494 1600 Rhodi,
522 1540 558 1586 se
583 1516 865 1588 doctissimorum
887 1515 1071 1587 hominum
1084 1513 1305 1588 sermonibus
1315 1512 1479 1593 dedisset,

360 1631 478 1695 tamen
502 1625 577 1719 ipse
601 1624 902 1711 adolescentulus,
928 1613 1102 1721 quantum
1113 1624 1210 1696 illius
1222 1620 1381 1694 ineuntis
1392 1628 1481 1691 aeta«

361 1732 407 1803 tis
431 1756 528 1805 meae
550 1732 750 1830 patiebatur
774 1734 908 1831 pudor,
933 1734 1046 1806 multa
1067 1758 1110 1805 ex
1136 1756 1177 1804 eo
1198 1756 1301 1829 saepe
1314 1728 1479 1827 quaesivi.

362 1842 442 1912 Non
478 1841 542 1913 erit
566 1842 721 1938 profecto
745 1843 833 1928 tibi,
860 1842 955 1940 quod
978 1842 1112 1928 scribo,
1138 1842 1203 1913 hoo
1227 1865 1379 1914 novum:
1405 1861 1481 1910 nam

579 2030 655 2039 ..m—-

363 2143 425 2193 nihil
439 2143 546 2205 pertinet
559 2144 621 2194 illud
635 2146 666 2194 de
677 2150 779 2208 patruo,
795 2147 902 2209 quicum
952 2153 964 2205 §
986 2148 1044 2196 365.
1066 2146 1115 2194 ΙΙΙ.
1135 2150 1148 2205 5
1168 2147 1199 2193 82
1213 2149 1238 2193 et
1252 2144 1310 2208 85),
1324 2142 1421 2192 etiamsi
1433 2142 1482 2189 sa.

364 2222 902 2286 Antoniofuisset:deAntoniosequdemum
951 2238 1017 2272 seam
1044 2224 1115 2272 illum
1142 2222 1188 2271 sibi
1210 2222 1360 2271 familiarem
1380 2220 1484 2283 appellat

365 2307 377 2361 ξ
392 2303 407 2349 3
421 2314 501 2349 sermo
515 2306 561 2350 est.
579 2305 736 2364 Quapropter
753 2301 831 2351 verba
843 2303 902 2359 illa,
951 2301 986 2367 (I.
1002 2307 1014 2362 ς
1031 2301 1103 2365 104);
1121 2301 1205 2362 itaque
1215 2301 1303 2350 Cicero
1314 2314 1375 2348 mox
1381 2297 1483 2360 appellat

365 2395 427 2442 quae
440 2380 627 2449 proposuimus,
642 2381 736 2430 omissis
750 2384 775 2429 et
776 2384 902 2442 patruae,
952 2383 1048 2429 nostros
1060 2380 1180 2429 doctores.
1205 2379 1271 2427 Hinc
1283 2378 1424 2427 necessario
1434 2390 1483 2423 cora

364 2458 497 2507 reiicienda
515 2458 541 2505 in
562 2473 633 2507 suum
655 2461 737 2508 locum
751 2466 824 2517 sunt,
846 2464 858 2518 5
873 2462 902 2517 3,
950 2458 1077 2522 rigabam,
1093 2473 1155 2521 quae
1170 2457 1389 2517 Craasoplaeeret,
1404 2466 1483 2504 senos

366 2541 422 2603 post
434 2535 511 2585 verba
520 2540 615 2597 patruo
628 2540 711 2586 nostro
723 2553 903 2599 acceperamus.
952 2539 1047 2586 discere
1055 2573 1062 2595 ,
1070 2552 1116 2598 pro
1116 2539 1261 2597 placerent,
1269 2540 1295 2583 et
1308 2536 1398 2596 quibas
1410 2532 1482 2581 aaa·

400 2617 430 2662 de
443 2617 496 2661 eius
506 2616 589 2663 stadio
600 2615 760 2679 doctrinaque
766 2632 838 2677 saepe
845 2630 903 2664 aar·
953 2618 1064 2674 deretur,
1069 2615 1301 2671 scntdiseeremus,
1307 2613 1482 2675 propellente·

368 2696 441 2750 rasit.
477 2694 658 2758 corrigendum
673 2696 795 2753 dixeram,
810 2696 906 2743 deciae
953 2697 1041 2750 retam-
1056 2708 1136 2755 neque
1148 2693 1174 2740 in
1187 2690 1432 2756 quitasiterariopns
1438 2691 1483 2735 erat

367 2774 450 2824 studio
470 2775 613 2832 doetrinae,
638 2775 664 2822 in
685 2789 763 2836 eaque
784 2775 905 2823 sententia
953 2775 1071 2834 Praepos.
1085 2788 1110 2820 a.
1127 2771 1175 2819 Vix
1187 2771 1275 2820 attinet
1287 2771 1361 2818 huius
1375 2765 1485 2830 loquendi

368 2866 470 2911 maneo,
490 2866 565 2912 quum
579 2853 650 2902 Voss.
665 2851 836 2904 habetatudio
849 2853 905 2901 doe·
952 2852 1048 2900 formae
1068 2852 1183 2912 exempla
1202 2851 1303 2898 afferre:
1332 2848 1486 2897 conferantur

370 2932 453 2988 trina,
468 2930 520 2978 sine
534 2931 632 2991 copula.
665 2930 778 2979 Stadium
792 2930 907 2978 sanedici
953 2936 1037 2980 tamen
1057 2929 1133 2977 haee:
1155 2931 1227 2976 Verr.
1242 2929 1278 2976 11.
1293 2932 1306 2986 ξ
1320 2929 1363 2976 39.
1378 2929 1421 2975 tin.
1434 2935 1487 2986 quot

370 3023 420 3057 non
440 3011 538 3069 poterat
557 3008 610 3056 sins
632 3009 747 3057 Genitivo
764 3008 868 3058 obiectis
882 3014 908 3057 et
954 3009 1104 3058 eomntodam
1121 3009 1168 3068 tvai
1176 3007 1252 3068 sarit:
1268 3007 1343 3064 lIl.§
1360 3008 1404 3063 18,
1422 3017 1486 3066 qaam

370 3087 480 3135 stadium
493 3087 634 3144 doetrinae,
648 3094 676 3135 ut
690 3102 720 3135 ex
732 3088 761 3136 iis
769 3088 907 3145 coniicitur,
955 3089 1017 3150 ipsis
1038 3088 1179 3143 videretur,
1200 3085 1283 3146 ibique
1296 3087 1398 3146 Zumpt.
1410 3080 1484 3146 Rabir.

371 3179 433 3226 quae
447 3165 522 3212 modo
536 3164 672 3226 disputavi,
694 3171 731 3214 est
743 3168 853 3224 studium
868 3168 907 3215 di·
956 3167 1031 3215 Perd.
1046 3171 1059 3225 ξ
1073 3167 1119 3222 20,
1134 3179 1193 3226 qaas
1204 3164 1381 3212 &audactam
1396 3161 1484 3210 eaden·

370 3241 908 3304 acessit—Narravitquoddicitnr,defen·
957 3259 1005 3306 que
1030 3245 1102 3300 ratio,
1129 3257 1203 3304 saepe
1229 3246 1346 3302 usurpata
1373 3255 1389 3288 a
1408 3238 1485 3292 Livio,

372 3321 438 3375 (titur
459 3334 575 3368 numerus
590 3322 720 3384 singularis
737 3323 910 3372 observatione
958 3323 1085 3375 Gronovio
1118 3319 1259 3383 corrigendi
1284 3318 1485 3381 opportunitatem

373 3397 502 3448 Matthiaei
516 3399 541 3446 in
556 3400 640 3448 Wolfii
653 3402 767 3450 Analeet.
776 3403 826 3450 ΙΙΙ.
834 3418 859 3464 p.
870 3404 909 3450 11.
958 3400 1072 3464 praebuit
1091 3401 1117 3448 in
1138 3399 1236 3447 XXIII.
1258 3399 1297 3446 13.
1320 3399 1363 3444 12:
1380 3402 1405 3446 et
1416 3400 1486 3445 totum

407 3491 528 3540 quamque
544 3505 578 3512 —
592 3481 617 3526 et
630 3492 658 3526 ea
672 3480 834 3537 disceremus,
849 3496 911 3542 qaae
959 3481 1007 3530 hoe
1020 3479 1298 3527 fluxisseaGraeeorum
1304 3473 1484 3527 consuetudine,

376 3558 462 3604 Crasso
466 3559 578 3616 placeret
590 3584 632 3604 -.
647 3558 792 3620 Neglectam
799 3558 873 3606 video
880 3558 911 3606 ab
960 3573 992 3606 ne
1005 3550 1077 3619 opus‘
1082 3556 1180 3617 quidem
1195 3560 1233 3604 est
1245 3554 1381 3615 explicare.

375 3633 514 3688 Editoribus
534 3635 712 3686 correctionem
731 3651 826 3694 meam,
843 3637 912 3684 cuim
993 3651 1068 3698 qnam
1081 3649 1186 3682 essemus
1198 3633 1325 3680 modi.
1343 3634 1401 3681 Non
1413 3643 1485 3679 essen

374 3718 471 3762 tantum
492 3712 562 3762 abest
576 3718 603 3762 ut
617 3728 657 3762 me
671 3715 812 3775 poeniteat,
828 3720 854 3763 ut
868 3715 910 3762 de·
959 3715 1007 3764 tior
1026 3714 1068 3772 iis,
1090 3713 1131 3774 qui
1150 3713 1213 3760 haec
1230 3710 1368 3759 abiicienda
1381 3710 1484 3759 censent:

375 3806 425 3840 nuo
446 3805 501 3838 eam
521 3806 610 3840 ornare
630 3790 723 3840 lubeat.
759 3794 812 3840 Iam
832 3792 912 3854 ipsum
960 3793 1086 3854 aliquanto
1113 3791 1254 3851 exquisitior
1279 3791 1400 3850 loquendi
1417 3788 1486 3836 forma

376 3871 451 3927 illud,
467 3870 533 3930 quod
546 3869 572 3916 in
586 3872 687 3932 vulgata
701 3871 807 3919 lectione
815 3872 913 3930 dieitur,
962 3876 1013 3929 est,
1041 3885 1116 3931 quam
1141 3883 1188 3930 pro
1212 3868 1364 3916 annotatoris
1389 3863 1486 3929 ingenio.

377 3947 483 4008 quodam
504 3947 578 3995 modo
599 3946 732 3996 absurdum
748 3955 792 3997 est.
828 3951 914 4010 Neque
962 3950 1089 3998 diamnodt
1102 3963 1154 3996 esse
1165 3947 1272 3997 refertur
1285 3947 1326 3995 vel
1338 3947 1370 3994 ad
1381 3947 1486 3994 virtatem

377 4026 443 4076 enim
456 4025 499 4073 illa
513 4027 635 4074 elementa
649 4027 778 4075 doctrinae
788 4027 915 4089 dicipote-
962 4034 1005 4078 aut
1021 4028 1123 4084 vitium,
1144 4027 1187 4074 vel
1206 4027 1238 4073 ad
1254 4025 1399 4074 facultatem
1417 4019 1486 4086 (eonf-

377 4109 433 4162 rant
442 4105 651 4164 placereCrasso;
666 4106 914 4166 etpaeneridicnlum
963 4111 1035 4156 Verr.
1049 4108 1071 4154 Ι.
1086 4111 1099 4165 ξ
1114 4107 1155 4154 56.
1170 4105 1214 4153 iv.
1230 4109 1242 4164 5
1259 4106 1319 4161 148,
1334 4106 1398 4166 Leg.
1411 4098 1487 4150 Manil.

379 4173 520 4244 astringere
535 4182 663 4240 Crassum,
678 4198 707 4230 ea
721 4189 745 4232 et
758 4185 914 4232 aetateetdi·
964 4190 976 4244 §
1001 4188 1044 4242 ra,
1065 4199 1139 4245 quem
1158 4185 1241 4231 locum
1260 4183 1376 4231 mactavit
1389 4177 1487 4238 Madvig.

379 4260 487 4323 gnitate,
502 4274 572 4309 arom
586 4275 637 4308 ease
650 4262 804 4319 doctoribus,
819 4263 871 4310 sive
884 4264 916 4310 ad
964 4265 1056 4326 Opusc.
1075 4263 1152 4311 Acad.
1167 4263 1222 4323 l.p.
1240 4260 1311 4321 lauh
1328 4260 1380 4309 h.l.
1395 4258 1438 4308 erit
1448 4254 1486 4317 igi·

378 4338 537 4394 discendum,
553 4338 604 4386 sive
619 4339 650 4386 ad
664 4339 743 4386 victus
756 4341 915 4388 consuetudi·
965 4348 1016 4400 tur,
1039 4357 1114 4402 quum
1136 4355 1165 4388 eo
1182 4339 1361 4402 intelligentiae
1373 4333 1487 4401 pervenis·

298 4413 302 4420 ’
380 4432 449 4472 nem,
464 4431 537 4476 quem
552 4417 915 4468 constatalienissimumsuisse
964 4435 1054 4469 semus.
1100 4419 1149 4467 Sed
1181 4419 1268 4466 horum
1298 4416 1488 4478 explicandorum

380 4493 410 4552 ab
431 4495 549 4553 eiusmodi
570 4495 680 4550 instituto
702 4495 766 4548 vitae
784 4497 864 4559 (conf.
880 4499 914 4545 ΙΙ.
965 4513 1038 4547 caasa
1055 4498 1198 4560 interposita
1211 4502 1269 4546 sunt
1282 4497 1421 4558 sequeutia,
1436 4487 1491 4558 qaod
