3242 5500
1168 549 1240 618 389

267 743 308 777 sus
327 729 394 777 idem
414 729 534 792 pervertit
554 731 729 791 Latinitatem,
754 747 831 794 quum
852 735 901 782 ΙΙΙ.
924 735 965 782 31.
988 737 1011 782 8.
1033 735 1130 795 scribit,
1147 739 1244 802 legatos

265 806 351 856 missos
373 821 426 856 esse
446 809 572 870 iussosque
593 808 688 858 Solonis
709 813 771 875 tepea
791 813 929 860 describere
949 816 975 861 et
995 815 1101 862 aliarum
1123 816 1240 865 Graeciae

265 886 402 935 eivitatium
428 887 546 936 instituta
572 902 651 936 mores
675 877 780 952 iuraque
800 905 914 940 noscere:
939 891 1027 940 inille
1048 894 1169 943 sententia
1190 908 1239 942 non

264 964 312 1012 nisi
331 965 427 1030 Singul.
452 980 503 1012 moa
522 981 642 1028 usurpare
662 967 729 1016 licet.
764 969 855 1019 Melius
869 970 935 1019 idem
949 970 1034 1019 Livius
1049 971 1143 1020 XXVI.
1158 975 1199 1021 22.
1215 973 1240 1020 9.

265 1043 358 1109 Manlio
378 1043 404 1091 in
425 1043 528 1093 comitiis
548 1045 611 1094 haec
629 1045 706 1096 verba
719 1046 819 1096 tribuit:
838 1062 915 1110 neque
929 1063 971 1113 epo
984 1052 1076 1098 cestros
1089 1065 1168 1099 mores
1183 1065 1238 1098 eon-

264 1121 393 1179 subferre
407 1125 515 1182 potero.-
534 1128 560 1172 et
580 1123 611 1172 ab
631 1125 670 1174 his
690 1125 862 1176 universorum
875 1128 998 1186 moribus,
1017 1128 1101 1177 civitas
1116 1128 1169 1190 ipsa
1180 1131 1239 1176 bene

264 1201 360 1248 morata
380 1202 535 1263 appellatur,
559 1201 620 1250 ibid.
642 1209 654 1263 5
676 1205 705 1251 14
721 1208 746 1253 ct
760 1206 838 1254 XLV.
854 1207 895 1254 23.
913 1207 958 1265 10,
974 1210 999 1255 et
1013 1207 1079 1269 apud
1096 1206 1240 1256 Ciceronem

264 1293 347 1340 supra,
362 1280 382 1327 I.
398 1281 464 1337 585.
489 1281 538 1328 Sed
552 1281 652 1342 Livius,
670 1286 698 1331 ut
711 1282 766 1331 istic
779 1284 889 1333 abutitur
902 1285 994 1347 plurali
1007 1285 1113 1334 nominis
1127 1301 1240 1345 numero,

265 1357 353 1406 eodem
371 1359 445 1406 modo
466 1373 570 1420 peccare
588 1361 649 1408 mihi
669 1363 767 1411 videtur
785 1363 811 1410 in
825 1364 878 1412 aliis
892 1362 1043 1413 nominibus:
1062 1364 1140 1413 veluti
1153 1366 1183 1412 V.
1200 1367 1241 1416 25.

265 1437 296 1493 3,
321 1437 351 1483 ab
364 1436 451 1484 borum
465 1438 588 1504 (patrum)
602 1441 725 1490 aetanbus
744 1443 953 1507 dignitatibusque
967 1445 992 1491 et
1006 1443 1137 1492 bonoribus
1150 1445 1242 1492 atomu-

265 1515 304 1562 dis
324 1516 382 1564 dum
403 1517 590 1566 abstinebatur:
617 1535 674 1568 nam
695 1520 866 1570 universorum
881 1525 947 1570 aetas
965 1526 990 1570 et
1003 1521 1109 1584 dignitas
1123 1526 1148 1570 et
1162 1522 1242 1570 honor

266 1595 388 1656 appellari
401 1599 513 1656 poterat,
531 1611 582 1644 non
595 1598 750 1662 singulorum
763 1602 859 1648 aetates
874 1604 921 1649 cet.

121 1671 139 1717 Ι.
157 1676 169 1729 5
188 1673 245 1720 231.
269 1674 316 1721 Pro
330 1674 481 1734 oratoriam,
499 1676 635 1724 eschutaii
649 1678 801 1728 correctione
817 1680 991 1728 assumendum
1006 1684 1059 1727 erat
1073 1679 1194 1726 ornatam.

121 1750 140 1795 l.
158 1754 169 1806 5
189 1752 245 1798 236.
269 1750 349 1799 Istum
365 1754 453 1814 [iuris]
469 1755 606 1803 seientiam.
632 1757 680 1814 Sic,
696 1761 708 1815 5
726 1760 783 1818 248,
797 1759 871 1806 istam
885 1759 1030 1815 seientiam,
1048 1758 1100 1806 sine
1113 1757 1243 1806 varietate.

120 1829 138 1874 l.
158 1833 170 1887 5
188 1828 245 1878 237.
270 1831 343 1888 Quod
357 1831 465 1888 conieci,
484 1847 546 1894 quae
553 1835 638 1894 posita
651 1837 732 1883 essent
744 1837 914 1894 iniureeisiii,
929 1836 1159 1894 commendatureo,
1175 1837 1240 1898 quod

268 1914 305 1956 est
318 1914 331 1967 5
347 1910 410 1967 238,
429 1924 515 1960 causae
529 1913 556 1959 in
569 1914 624 1961 iure
632 1915 738 1974 positas.

121 1988 140 2033 Ι.
159 1992 170 2045 5
188 1990 246 2034 242.
269 1985 327 2035 Non
340 1988 472 2049 arripuisti
480 1991 651 2050 patrocinium
664 1993 798 2056 aequitatis
812 1996 837 2042 et
851 1993 1016 2049 defensionem
1030 1994 1244 2054 [testamentorum

268 2067 310 2127 ae]
333 2068 468 2115 voluntatis
486 2072 648 2120 mortuorum.
682 2073 713 2119 In
726 2073 837 2121 Pideritii
850 2073 941 2121 iudicio
956 2073 988 2120 de
1003 2073 1050 2120 hoc
1066 2073 1121 2120 loco
1137 2072 1244 2133 primum

269 2146 345 2193 miror
366 2150 490 2196 servatum
511 2163 602 2209 nonne,
629 2154 654 2198 et
675 2150 845 2214 interrogandi
862 2151 979 2199 formam:
1001 2154 1070 2208 tum,
1088 2139 1159 2211 'quod
1178 2166 1207 2198 ae
1221 2155 1246 2198 et

271 2226 425 2272 mortuorum
440 2225 532 2284 abiicit,
545 2228 579 2276 ita
595 2232 623 2276 ut
636 2234 719 2278 servet
735 2231 937 2278 testamentorum
951 2230 1093 2279 uoluntatis.
1117 2229 1183 2287 Quid
1197 2229 1244 2276 hoc

270 2306 315 2362 est,
334 2303 400 2364 quod
411 2305 557 2354 testamento
574 2305 690 2356 tribuitur
704 2309 833 2357 uoluntas?
855 2322 917 2369 quae
930 2324 980 2356 non
995 2309 1041 2358 nisi
1054 2307 1161 2356 hominis
1175 2307 1245 2371 cogi-

269 2381 316 2429 tari
329 2387 417 2443 potest.

124 2698 155 2743 ll.
176 2701 188 2755 5
232 2699 257 2742 4.
276 2694 353 2742 Nimis
368 2697 434 2742 arcte
449 2693 644 2757 circumscripsi,
659 2709 707 2757 qua
720 2695 787 2742 inre
801 2695 924 2744 diceretur
938 2708 1048 2754 censere,
1062 2696 1179 2758 quoniam
1193 2697 1246 2745 uni-

274 2788 345 2822 verse
360 2778 397 2822 est
410 2774 557 2823 sententiam
572 2775 740 2836 pronuntiare:
755 2774 830 2838 igitur
844 2774 923 2823 erravi
937 2789 1035 2836 quoque
1049 2774 1075 2822 in
1086 2778 1246 2825 annotatione

272 2853 304 2901 ad
318 2854 398 2917 Legg.
412 2868 437 2915 p.
452 2854 510 2900 465.
525 2857 551 2901 et
565 2855 622 2912 524,
640 2852 683 2901 nbi
696 2853 817 2916 Madvigii
831 2854 1000 2901 auctoritatem
1012 2852 1128 2901 indicavi.
1148 2856 1249 2902 Maneat

273 2932 328 2980 ideo
350 2932 473 2990 censebat,
496 2932 564 2992 quod
585 2930 688 2981 verbum
708 2932 743 2980 sic
764 2940 789 2979 et
809 2932 892 2979 multis
913 2932 966 2979 aliis
986 2932 1047 2980 locis
1061 2937 1205 2994 usurpatur,
1222 2939 1247 2981 et

274 3013 347 3058 Tusc.
363 3010 385 3057 I.
400 3015 412 3068 5
429 3010 469 3060 72.
484 3011 579 3059 etlbb.
595 3012 643 3059 ΙΙΙ.
659 3016 671 3069 5
689 3011 728 3058 ll.
743 3012 784 3059 33.
800 3015 825 3058 et
840 3012 880 3059 52.

126 3094 158 3139 ΙΙ.
178 3097 191 3149 5
234 3094 258 3137 5.
277 3090 334 3137 Non
353 3087 457 3146 iniuria,
478 3093 507 3137 ut
519 3089 621 3151 opinor,
639 3089 789 3152 reprehendi
802 3089 844 3146 id,
859 3088 926 3149 quod
940 3087 980 3135 cdi
994 3102 1007 3137 e
1021 3086 1090 3137 libris
1104 3090 1182 3147 solet,
1198 3092 1246 3136 eto-

274 3168 388 3229 quentiae
408 3181 502 3216 nomen.
538 3168 587 3217 Sed
608 3169 695 3217 eodem
716 3168 816 3216 nomine
842 3166 1077 3229 reprehendendum
1103 3171 1156 3215 erat
1183 3168 1250 3228 quod

275 3247 296 3294 l.
312 3251 324 3303 5
342 3247 403 3306 120,
423 3250 531 3307 prostat,
553 3246 591 3295 his
605 3246 702 3305 verbis;
716 3247 894 3307 nonfacienda
908 3244 949 3303 id,
965 3246 1031 3307 quod
1043 3258 1091 3292 non
1105 3244 1187 3303 decet,
1203 3248 1248 3293 im-

271 3324 407 3385 pudentiae
427 3339 514 3373 nomen
532 3326 640 3389 efflepere
660 3325 780 3375 debemus.
816 3325 876 3384 Quis
896 3324 961 3372 enim
982 3324 1035 3384 ipse
1049 3325 1189 3385 appellatur
1203 3327 1248 3373 im-

272 3404 413 3464 pudentia?
447 3405 514 3462 Imo,
533 3404 699 3465 impudentiae
712 3404 806 3453 crimen
819 3405 926 3468 effupere
939 3404 1073 3467 legendum
1089 3417 1187 3453 censeo
1210 3405 1250 3453 Sic

274 3481 383 3543 loquitur
399 3483 482 3530 Flacc.
497 3487 509 3542 5
526 3483 549 3532 7.

127 3566 159 3611 ΙΙ.
179 3568 191 3621 5
234 3565 258 3610 9.
275 3562 442 3622 praesentium
459 3563 575 3610 maneria
589 3561 659 3609 teste.
678 3563 716 3611 Ita
722 3596 729 3620 ,
744 3563 816 3612 Brut.
830 3566 843 3621 5
860 3562 1163 3622 suammetipsam
1179 3564 1249 3610 teste.

128 3644 160 3689 ΙΙ.
180 3648 192 3701 5
217 3642 260 3688 20.
279 3642 384 3699 Errare,
400 3643 457 3702 post
470 3642 599 3701 temporis,
614 3640 706 3689 excidit
718 3643 760 3703 qui
775 3642 830 3690 ioci.

126 3723 191 3779 Il.5
217 3723 259 3768 42.
279 3719 351 3777 Quod
378 3719 428 3767 dixi
454 3719 485 3768 de
506 3718 582 3769 verbo
603 3722 732 3781 enpetere,
755 3724 858 3770 revocat
877 3717 937 3768 milri
955 3718 981 3767 in
1002 3718 1145 3767 memoriam
1166 3719 1249 3766 locum

277 3801 349 3846 Tusc.
371 3799 402 3846 V.
424 3803 437 3856 5
459 3800 504 3858 85,
528 3797 571 3846 ubi
591 3798 702 3847 dixeram
717 3798 838 3863 (Scholia.
854 3802 979 3860 Hypomn.
998 3799 1041 3847 IV.
1056 3813 1081 3859 p.
1097 3796 1150 3859 Ill)
1163 3798 1252 3860 legen-

276 3878 420 3936 dumosae,
443 3877 540 3925 budam
561 3891 616 3924 eum
637 3878 720 3926 dolore
740 3878 902 3939 espetendam
922 3890 980 3925 esse.
1017 3877 1150 3937 Seyffertus
1166 3881 1251 3923 tamen

277 3955 389 4004 defendit
401 3957 531 4019 vulgatum
542 3956 693 4017 petendum,
715 3957 784 4018 quasi
796 3957 824 4005 id
837 3961 901 4005 esset
909 3956 1057 4017 parandam.
1093 3955 1141 4004 Sed
1155 3954 1181 4001 in
1194 3954 1250 4017 phi-

276 4034 437 4097 losophorum
456 4034 505 4083 illis
525 4034 732 4097 disputationibus
751 4050 802 4084 non
822 4036 869 4085 nisi
890 4038 920 4084 de
935 4033 1081 4099 fugiendis,
1110 4038 1152 4082 aut
1177 4048 1250 4094 espe-

278 4113 359 4162 tendis
371 4113 444 4163 rebus
457 4114 599 4173 disseritur,
613 4129 664 4162 nou
679 4115 710 4163 de
721 4115 851 4175 petendis,
868 4118 909 4163 aut
918 4111 1049 4173 parandis.

128 4201 162 4246 ll.
182 4204 194 4256 5
220 4199 261 4244 43.
280 4195 345 4255 quod
357 4196 411 4241 eta
427 4195 514 4241 Crasso
529 4194 623 4241 tactum
637 4196 684 4253 est,
698 4194 724 4241 et
737 4192 885 4241 Aristoteles
897 4192 1022 4241 adiunait.
1054 4190 1173 4253 Syntaxin
1188 4189 1252 4237 hano

278 4272 390 4321 defendit
407 4271 519 4335 Madvig.
533 4272 664 4320 Emendat.
678 4271 735 4320 Liv.
749 4288 774 4334 p.
790 4274 830 4320 62.

129 4358 163 4404 ΙΙ.
183 4360 196 4413 5
222 4356 263 4400 44.
281 4351 350 4399 Nihil
369 4350 477 4414 pertinet
494 4351 527 4399 ad
546 4350 759 4413 interpretandum
774 4350 933 4400 Ciceronem:
954 4349 997 4398 sed
1012 4349 1043 4396 de
1056 4344 1223 4395 laudationes
1241 4371 1251 4381 ·

280 4429 351 4478 nebri
367 4444 457 4491 operae
471 4429 579 4491 pretium
592 4434 630 4479 est
643 4430 757 4479 conferre
771 4429 871 4479 Livium
885 4431 920 4478 Il.
936 4430 975 4478 61.
991 4428 1014 4476 9.
1030 4431 1055 4475 ct
1067 4428 1098 4474 V.
1115 4425 1154 4472 50.
1171 4421 1194 4473 7.

130 4515 165 4561 ll.
185 4516 198 4570 5
223 4515 265 4558 45.
285 4510 349 4558 Casu
365 4508 459 4557 iactum
473 4513 511 4557 est
523 4512 552 4557 ut
562 4508 738 4571 exprimerem,
753 4511 817 4557 unde
831 4510 912 4559 omnia
924 4510 1012 4556 ornate
1018 4505 1115 4553 dicendi
1117 4506 1253 4565 praecepta

281 4591 421 4637 manantur.
457 4590 537 4637 Multo
561 4588 715 4650 praestabat,
741 4590 808 4650 quod
828 4588 952 4638 novissimi
973 4587 1085 4636 Editores
1105 4587 1255 4640 tenuerunt,
