3242 5500
404 538 472 606 282
745 558 858 607 rauna
885 557 1054 605 erarius.
1084 540 1102 619 l
1128 539 1186 609 27.

400 734 501 818 licet,
547 731 676 829 quibus
713 739 765 803 est
803 730 962 827 proxima
997 731 1160 824 cognatio
1196 756 1276 804 cum
1315 732 1517 821 oratoribus.

402 845 520 919 Quam
555 851 637 915 sunt
674 841 766 913 inter
800 864 876 911 sese
907 840 1065 925 Ennius,
1104 839 1297 927 Pacuvius,
1325 842 1519 937 Acciusque

401 952 605 1026 dissimiles!
633 975 757 1046 quam,
780 949 876 1045 apud
894 950 1063 1035 Graecos,
1081 949 1293 1046 Aeschylus,
1317 952 1517 1048 Sophocles,

399 1062 607 1158 Euripides,
641 1084 856 1156 quamquam
878 1059 1044 1131 omnibus
1069 1084 1132 1155 par
1156 1085 1266 1156 paene
1288 1061 1366 1134 laus
1389 1062 1428 1132 in
1455 1062 1516 1132 dis·

341 1174 505 1251 assimili
546 1170 721 1244 scribendi
754 1194 882 1265 genere
916 1168 1100 1242 tribuitur!
1139 1170 1298 1267 Aspicite
1332 1196 1432 1244 nunc
1467 1195 1516 1243 eos

402 1276 593 1379 [homines]
621 1289 727 1376 atque
750 1280 957 1366 intuemini,
984 1304 1134 1376 quorum
1162 1281 1207 1353 de
1227 1282 1396 1354 facultate
1418 1305 1514 1378 quae·

398 1395 508 1465 rimus
537 1388 662 1487 [‚quid
684 1390 822 1462 intersit
845 1390 939 1462 inter
962 1400 1139 1463 oratorum
1161 1392 1279 1463 studia
1302 1400 1409 1487 atque
1422 1400 1514 1463 natu·

397 1498 483 1597 rasl.
517 1501 732 1603 Spagitatem
750 1500 938 1586 Isocrates,
958 1499 1190 1601 subtilitatem
1207 1500 1348 1596 Lysiae,
1375 1525 1514 1573 acumen

398 1612 618 1709 HyperideS,
655 1610 808 1723 SQm
843 1596 1056 1696 Aeschines,
1088 1591 1158 1682 vim
1180 1586 1513 1683 Demosthenffi-

397 1723 493 1796 buit:
521 1722 600 1817 quis
623 1744 743 1792 eorum
763 1743 835 1792 non
861 1720 1050 1815 egregius?
1075 1704 1193 1793 uTnan
1212 1722 1292 1816 quis
1312 1722 1513 1817 cuiusquam

397 1835 465 1907 nisi
498 1832 552 1905 sui
578 1830 727 1903 similis?
754 1829 971 1902 Gravitatem
995 1829 1202 1916 Africanus,
1229 1831 1410 1904 lenitatem
1437 1831 1513 1903 Lae·

396 1945 485 2029 lius,
529 1940 753 2037 asperitatem
795 1939 928 2025 Galba,
972 1941 1150 2035 profluens
1189 1941 1360 2037 quiddam
1397 1940 1513 2013 habuit

397 2052 512 2127 Carbo
545 2061 579 2124 et
603 2074 790 2123 canorum:
818 2052 897 2146 quis
922 2048 1048 2122 horum
1071 2074 1142 2122 non
1165 2052 1328 2147 princeps
1353 2052 1510 2147 tempori·

395 2163 462 2235 bus
487 2162 557 2234 illis
582 2160 673 2233 suit?
699 2169 734 2233 et
757 2183 821 2233 suo
839 2167 956 2231 tamen
975 2161 1126 2256 quisque
1142 2161 1179 2232 in
1198 2185 1327 2256 genere
1343 2163 1509 2257 princeps.

347 2295 367 2363 8
445 2273 514 2345 Sed
549 2271 635 2367 quid
666 2294 731 2365 ego
766 2277 883 2341 vetera
916 2270 1141 2366 conquiram,
1169 2294 1279 2366 quum
1303 2270 1394 2344 mihi
1418 2272 1510 2344 liceat

337 2421 367 2466 2„
395 2384 446 2455 uti
471 2380 714 2478 praesentibus
738 2379 925 2475 exemplis
952 2387 1058 2474 atque
1074 2380 1187 2451 vivis?
1213 2381 1312 2457 Quid
1329 2381 1508 2453 iucundius

392 2491 536 2565 auribus
560 2490 690 2562 nostris
715 2513 884 2584 umquam
908 2489 1036 2562 accidit
1059 2490 1165 2563 huius
1189 2492 1347 2564 oratione
1372 2490 1508 2586 Caudi?
1604 2481 1605 2484 '

393 2627 482 2699 quae
518 2609 570 2673 est
604 2624 692 2695 pura
716 2599 784 2684 sic,
810 2606 852 2670 ut
875 2597 1002 2671 Latine
1024 2599 1122 2696 loqui
1145 2625 1256 2695 paene
1279 2601 1374 2673 solus
1399 2600 1505 2672 videa·
1604 2647 1606 2690 ζ

392 2720 469 2799 tur,
503 2711 552 2784 sic
577 2718 694 2783 autem
719 2710 855 2806 gravis,
880 2718 921 2783 ut
946 2709 982 2783 in
1007 2710 1178 2806 singulari
1204 2711 1379 2807 dignitate
1401 2711 1506 2784 omnis

390 2833 508 2897 tamen
544 2822 635 2894 adsit
669 2820 870 2892 hnmanitas
893 2846 933 2893 ac
957 2821 1065 2917 lepos.
1120 2821 1218 2897 Quid
1242 2823 1381 2895 multa?
1406 2825 1505 2894 istum
1603 2824 1604 2831 ’

391 2933 537 3006 audiens
573 2930 736 3027 equidem
775 2930 825 3002 sic
849 2931 1003 3003 iudicare
1028 2930 1142 3016 solea,
1169 2931 1344 3028 quidquid
1367 2919 1429 3004 dut
1451 2932 1504 3002 ad·

390 3043 539 3127 dideris,
566 3049 627 3112 eut
652 3041 858 3126 mutaveris,
885 3048 945 3111 aut
969 3040 1159 3112 detraxeris
1206 3041 1366 3114 vitiosius
1391 3051 1426 3114 et
1450 3041 1502 3112 de·

510 3136 576 3148 ......‚
982 3101 1482 3145 ,W

333 3195 364 3240 30
388 3129 508 3226 telins*
521 3137 842 3226 intumuid
859 3143 981 3223 noster
998 3150 1055 3222 hic
1074 3150 1225 3222 Caesar?
1251 3175 1369 3223 nonne
1387 3175 1503 3224 novam
1602 3236 1603 3241 Ἰ

423 3431 463 3476 28.
495 3427 597 3489 aspicite
624 3439 688 3472 reuco
714 3438 755 3472 eoa
783 3426 925 3486 [homines]
949 3413 952 3521 q
974 3425 1055 3473 statim
1075 3430 1264 3483 enumerantur,
1281 3428 1502 3475 manitas-coat-

389 3511 515 3569 Nusquam
528 3507 554 3554 in
568 3506 616 3553 hac
626 3504 705 3552 forma
717 3503 862 3566 designandi
870 3518 926 3552 ora·
949 3534 952 3612 Ι
976 3506 1024 3562 tac,
1039 3505 1082 3561 cte,
1094 3518 1175 3565 neque
1188 3505 1324 3563 adtracta,
1338 3519 1418 3566 neque
1428 3506 1503 3553 adna-

387 3589 447 3637 toris
468 3585 562 3635 addidit
583 3584 669 3632 Cicero
693 3581 797 3629 dominia
815 3580 925 3630 vocabu·
949 3615 952 3659 q
975 3583 1047 3630 turae
1059 3582 1147 3631 referri
1160 3591 1275 3644 possum,
1291 3585 1336 3632 sed
1349 3585 1433 3632 landes
1445 3590 1502 3632 sunt.

388 3671 449 3717 lum.
484 3664 557 3715 Conf.
572 3664 608 3711 Il.
624 3667 636 3721 §
651 3663 695 3719 99,
710 3660 763 3709 init.
778 3661 848 3709 Orat.
863 3663 924 3719 533.
949 3664 951 3747 i
1008 3661 1063 3723 quie
1083 3663 1169 3710 tarum
1188 3689 1222 3698 -
1242 3663 1269 3708 ta
1287 3664 1503 3723 peacrcpriaccpa

389 3746 466 3803 Infra,
482 3744 600 3802 llatae,
615 3740 734 3802 peculiari
741 3739 925 3800 opportunitate
949 3786 951 3799 ,
974 3740 1113 3788 Ferendum
1121 3745 1216 3788 nonest
1224 3745 1251 3788 ut
1259 3741 1368 3799 dicatur,
1376 3741 1503 3802 fattprta·

387 3825 495 3886 scripsit,
510 3823 540 3869 ab
553 3836 579 3869 co
593 3821 656 3877 aire,
672 3832 741 3880 quem
756 3819 903 3879 quaerimus.
974 3832 1043 3879 cepa,
1061 3819 1088 3866 et
1101 3819 1183 3867 tamen
1196 3822 1224 3866 ia
1235 3834 1280 3869 cao
1290 3834 1378 3882 qaaere
1384 3822 1503 3881 princepe.

424 3905 443 3966 [,
451 3903 511 3966 qaid
522 3901 624 3949 iatcrett
676 3897 803 3959 cataros]¹
822 3896 927 3945 Insititia
974 3898 1101 3945 Sententia
1113 3898 1140 3946 in
1152 3899 1267 3947 extremus
1278 3901 1396 3961 postulat,
1411 3902 1504 3948 aanor

389 3985 449 4031 haec
469 3995 521 4030 esse
541 3980 648 4041 primum
665 3976 746 4039 arguit
758 3974 828 4024 verb.
842 3977 924 4023 orato-
949 4020 951 4031 ,
973 3990 1017 4023 cac
1031 3977 1113 4024 tamea
1125 4003 1167 4024 —.
1464 4033 1470 4042 ι

388 4077 456 4119 ram,
474 4074 535 4121 quos
548 4071 616 4106 nunc
629 4056 727 4117 quidem
741 4055 862 4117 appellari
874 4065 925 4103 non
948 4090 950 4131 q
1007 4057 1048 4103 29.
1077 4058 1160 4104 cetera
1185 4058 1336 4118 conquiram.
1363 4057 1501 4120 legendum

387 4139 517 4197 attinebat,
538 4152 614 4199 quum
633 4135 723 4184 diserta
747 4148 833 4182 eorum
852 4148 924 4195 prae·
974 4135 1099 4195 conquiro.
1136 4135 1217 4182 -Recte
1241 4139 1324 4183 cetera
1342 4135 1402 4194 dici,
1423 4137 1501 4184 monci

388 4220 499 4269 cessisset
530 4215 683 4278 designatio,
714 4227 754 4261 coc
776 4213 923 4275 [leminea],
949 4260 950 4263 ,
974 4213 1082 4262 Scholia.
1097 4216 1223 4275 Hypomn.
1237 4216 1268 4261 V.
1284 4231 1309 4277 p.
1325 4216 1362 4262 80.

388 4312 491 4362 qaorum
508 4298 538 4343 dc
545 4296 674 4357 facultate
687 4293 841 4354 qaaerimac:
856 4296 924 4349 tum,
948 4267 950 4355 l
1006 4292 1079 4339 eatae
1094 4291 1205 4339 oratione
1219 4293 1311 4341 Catali.
1329 4295 1359 4341 H.
1373 4293 1391 4339 l.
1405 4308 1500 4342 servan·

388 4393 434 4427 nec
455 4378 486 4425 de
502 4373 605 4430 acetaria,
626 4387 673 4420 nec
686 4372 717 4420 de
731 4372 830 4418 nataris
842 4375 923 4419 orato·
948 4358 950 4446 l
973 4371 1033 4419 dum
1054 4372 1150 4419 Nomen
1171 4373 1315 4433 proprium,
1337 4378 1445 4430 mmor,
1464 4374 1500 4420 tic

387 4473 442 4506 rum
463 4467 529 4503 nnnc
543 4451 718 4515 quaerebatur,
737 4455 926 4511 quemquamst
948 4448 950 4479 ³
975 4450 1073 4498 Cacsar.
1092 4451 1130 4497 De
1144 4451 1248 4509 Catulo,
1265 4452 1300 4499 II.
1315 4457 1327 4510 ξ
1341 4454 1378 4498 88.

386 4536 523 4585 voluntates
538 4537 562 4580 et
575 4530 925 4591 nataraerectcappellantur
1006 4529 1047 4576 30.
1071 4528 1193 4589 [tropicae
1214 4545 1296 4590 paene
1320 4530 1428 4590 comice]
1468 4533 1498 4578 Ut

389 4615 421 4662 ll.
438 4619 449 4673 §
465 4615 496 4662 92
511 4616 535 4660 et
550 4613 600 4667 94,
615 4614 640 4658 et
653 4623 718 4666 mox,
735 4610 798 4667 §35²
813 4621 924 4668 quaeque
973 4607 1090 4655 assentiar
1105 4606 1230 4668 Kaysero,
1252 4608 1314 4657 haec
1325 4607 1422 4657 insititia
1435 4622 1496 4662 esse.
