3242 5500
388 504 457 574 190
699 523 813 572 mssa
839 520 1042 572 ssouuuus.
1071 507 1088 586 ἓ
1117 507 1196 575 168.

384 704 476 781 tem,
514 701 548 766 et
585 694 721 791 imperii
755 694 975 789 dignitatem.
1027 695 1082 766 Ex
1113 695 1344 768 similitudine
1373 704 1491 768 autem:

385 805 415 878 si
444 804 537 876 ferae
565 813 686 900 partus
716 829 798 877 suos
818 804 1005 899 diligunt,
1044 829 1114 900 qua
1143 829 1208 878 nos
1231 806 1269 877 in
1293 805 1418 878 liberos
1440 831 1491 877 no·

314 937 360 982 ras
385 922 475 987 stros
499 914 722 1010 indulgentia
746 939 822 987 esse
844 913 1039 986 debemus?
1065 915 1115 987 At
1138 939 1181 988 ex
1200 915 1490 988 dissimilitudine:

385 1023 415 1096 si
447 1023 673 1096 barbarorum
698 1033 750 1096 est
774 1025 812 1095 in
836 1023 930 1096 diem
954 1024 1083 1110 vivere,
1109 1033 1228 1097 nostra
1249 1025 1394 1097 consilia
1416 1051 1491 1097 sern-

385 1134 563 1230 pitemum
598 1140 737 1229 tempus
772 1141 928 1229 spectare
962 1133 1103 1205 debent.
1156 1133 1276 1230 Atque
1300 1142 1443 1230 utroque
1462 1135 1491 1206 in

385 1268 532 1339 genere,
580 1252 615 1315 et
648 1242 889 1315 similitudinis
925 1251 958 1315 et
995 1243 1314 1330 dissimilitudinis,
1351 1244 1493 1339 exempla

386 1360 469 1425 sunt
491 1377 534 1425 ex
556 1353 704 1425 aliorum
728 1353 847 1438 factis,
874 1362 935 1424 aut
953 1352 1073 1438 dictis,
1100 1361 1161 1425 aut
1179 1353 1330 1440 eventis,
1356 1360 1390 1425 et
1405 1355 1493 1424 fictae

385 1463 601 1534 narrationes
646 1487 748 1558 saepe
793 1462 987 1559 ponendae.
1052 1463 1129 1535 lam
1168 1487 1210 1534 ex
1249 1463 1433 1534 contrario:
1469 1465 1492 1533 si

313 1581 360 1633 17⁰
386 1571 566 1644 Gracchus
589 1572 740 1658 nefarie,
767 1572 941 1669 praeclare
965 1571 1140 1668 Opimius.
1192 1572 1247 1644 Ex
1264 1573 1490 1667 consequenti·

385 1681 471 1753 bus:
511 1681 541 1752 si
576 1689 609 1752 et
641 1682 731 1753 ferro
766 1681 971 1754 interfectus
1006 1682 1086 1768 ille,
1118 1690 1153 1754 et
1182 1691 1223 1754 tu
1246 1681 1409 1753 inimicus
1429 1683 1491 1752 eius

385 1815 466 1864 curn
501 1790 618 1886 gladio
639 1799 784 1864 cruento
808 1790 1081 1886 comprehensus
1104 1791 1141 1862 in
1165 1792 1227 1863 illo
1252 1791 1330 1888 ipso
1353 1792 1441 1877 loco,
1463 1799 1491 1861 et

386 1924 489 1972 nemo
518 1908 653 1995 praeter
681 1909 717 1972 te
746 1900 797 1972 ibi
827 1900 923 1972 visus
949 1908 1029 1987 est,
1068 1909 1103 1972 et
1139 1925 1244 1974 causa
1280 1901 1430 1986 nemini,
1463 1907 1491 1971 et

386 2019 428 2083 tu
452 2035 589 2105 semper
612 2010 747 2096 audax,
774 2010 861 2105 quid
886 2018 957 2096 est,
984 2009 1080 2106 quod
1105 2010 1149 2082 de
1173 2011 1328 2082 facinore
1349 2010 1491 2082 dubitare

385 2120 585 2216 possimus?
613 2120 667 2190 Ex
695 2120 938 2192 consentaneis
949 2117 1025 2206 ***,
1049 2144 1092 2192 ex
1117 2120 1419 2218 praecurrentibus
1428 2117 1489 2204 ***,

386 2255 429 2301 ex
452 2229 753 2325 repugnantibus,
779 2238 821 2301 ut
846 2229 929 2301 olim
953 2230 1100 2302 Crassus
1118 2231 1338 2303 adolescens:
1365 2254 1445 2318 non,
1467 2228 1490 2300 si

387 2339 569 2435 Opimium
610 2339 819 2425 defendisti,
866 2339 1000 2426 Garbe,
1044 2340 1173 2413 ideirco
1207 2349 1244 2413 te
1281 2341 1342 2413 isti
1376 2339 1490 2412 bonum

386 2450 496 2521 civem
532 2447 726 2544 putabunt:
773 2449 956 2521 simulasse
992 2459 1047 2535 te,
1088 2456 1123 2521 et
1160 2450 1296 2546 aliquid
1334 2449 1490 2546 quaesisse

326 2646 328 2649 Ι
386 2559 609 2654 perspicuum
646 2565 719 2643 est,
756 2559 852 2653 quod
889 2559 941 2630 Ti.
981 2558 1129 2631 Gracchi
1163 2569 1312 2632 mortem
1346 2583 1440 2656 saepe
1460 2558 1487 2628 in

386 2667 609 2741 contionibus
643 2667 852 2765 deplorasti,
890 2667 982 2765 quod
1018 2666 1057 2740 P.
1091 2667 1250 2741 Africani
1274 2670 1370 2742 necis
1394 2669 1489 2741 socius

386 2779 504 2865 fuisti,
531 2778 627 2874 quod
649 2803 725 2850 eam
750 2778 864 2873 legem
888 2777 924 2849 in
948 2778 1131 2851 tribunatu
1147 2778 1277 2864 tulisti,
1305 2780 1399 2875 quod
1415 2802 1488 2851 sem·

317 2906 360 2958 171
386 2914 449 2986 per
481 2914 502 2961 a
535 2887 638 2959 bonis
670 2888 878 2959 dissensisti.
929 2887 984 2959 Ex
1019 2888 1131 2960 causis
1156 2898 1272 2961 autem
1297 2914 1411 2961 rerum
1433 2888 1487 2960 sio:

387 2998 567 3071 avaritiam
609 2996 638 3069 si
672 2996 793 3068 tollere
829 2996 953 3083 vultis,
996 3004 1106 3069 mater
1140 2996 1216 3069 eius
1252 3006 1303 3071 est
1333 2998 1486 3081 tollenda,

388 3108 554 3181 luxuries.
605 3106 661 3178 Ex
692 3106 735 3177 iis
760 3113 899 3193 autem,
936 3114 1130 3202 quaesunt
1155 3114 1229 3179 orta
1251 3107 1296 3180 de
1320 3109 1443 3181 causis:
1467 3104 1490 3175 si

387 3216 510 3289 aerarii
545 3216 655 3311 copiis
688 3222 724 3287 et
750 3215 795 3287 ad
819 3215 904 3287 belli
928 3215 1151 3303 adiumenta,
1179 3223 1214 3287 et
1238 3216 1284 3287 ad
1307 3223 1490 3289 ornamenta

315 3344 363 3396 172
387 3326 483 3422 pacis
511 3326 664 3412 utimur,
694 3324 925 3420 vectigalibus
956 3326 1155 3397 serviamus.
1209 3324 1347 3399 Maiora
1371 3336 1490 3409 autem,

389 3444 424 3510 et
443 3437 596 3524 minora,
617 3445 652 3508 et
664 3436 761 3530 paria
773 3434 1052 3530 comparabimus
1067 3435 1132 3522 sic,
1155 3460 1198 3508 ax
1210 3438 1357 3510 maiore:
1376 3436 1404 3509 si
1415 3436 1492 3507 bona

385 3608 475 3617 ———-

422 3696 479 3743 169.
497 3695 609 3752 exempla
620 3692 923 3752 materaliommsaotia.
973 3690 1040 3739 modi
1053 3691 1204 3755 designatio,
1219 3690 1274 3749 ubi,
1290 3697 1318 3741 ut
1331 3692 1357 3741 in
1364 3690 1492 3755 praecedd.,

388 3773 483 3830 Credo,
504 3771 623 3819 excidisse
637 3770 811 3832 Partieipium,
834 3770 869 3818 sio
882 3784 922 3817 re·
974 3768 1084 3817 acerbius
1097 3768 1362 3832 qudexspecubatua
1377 3770 1493 3833 quodcir-

387 3851 553 3907 stituendum,
566 3850 677 3909 exempla
683 3848 881 3896 aumendaauat:
896 3852 924 3896 ut
972 3848 1032 3897 boni
1048 3847 1204 3898 obiiceretur.
1240 3850 1314 3908 Quod
1328 3849 1438 3898 substitui
1448 3860 1494 3909 pos-

388 3944 461 3986 mox,
471 3927 608 3989 ponendae.
973 3932 1010 3977 set
1020 3928 1132 3975 nondum
1145 3928 1237 3989 reperi:
1251 3928 1295 3975 sed
1302 3929 1390 3977 desero
1396 3928 1427 3984 id,
1441 3923 1494 3986 quod

423 4010 480 4059 170.
498 4007 564 4069 qaod
582 4006 612 4053 P.
633 4002 753 4064 Africani
766 4005 925 4053 accionarius
973 4004 1149 4063 conficiebam,
1164 4006 1340 4069 corrigendum
1354 4021 1412 4065 esse,
1424 4001 1494 4052 detri-

382 4088 473 4149 fin'ati.
490 4087 547 4135 Non
558 4082 687 4147 probanda
695 4084 758 4133 haec
764 4084 857 4132 locutio
865 4083 925 4131 mihi
973 4086 1075 4132 sumtu.

387 4163 532 4221 videbatur3
559 4163 665 4224 ideoque
684 4163 839 4210 conieceram
860 4164 926 4208 near
1009 4161 1065 4211 174.
1082 4164 1120 4209 rio
1133 4164 1177 4210 has
1190 4156 1494 4227 epoarpamentoramoolai

388 4246 511 4302 monce,
532 4243 599 4304 quod
617 4242 698 4303 ipsum
714 4242 789 4289 video
801 4241 869 4302 apud
882 4242 924 4288 El·
974 4241 1045 4289 notas
1059 4242 1188 4301 quaerenti
1205 4242 1384 4289 demontrare.
1407 4242 1494 4289 Secutus

388 4324 510 4373 lendtinm
523 4322 549 4369 in
562 4320 689 4369 nonnullis
702 4317 770 4367 libris
783 4319 851 4367 ferri.
974 4334 1028 4367 sum
1055 4318 1081 4366 in
1095 4319 1133 4367 his
1147 4320 1315 4378 Ellendtium,
1338 4321 1422 4382 spretis
1440 4315 1493 4369 aliis,

423 4401 488 4463 quod
500 4415 553 4447 eam
567 4402 641 4459 legem
654 4425 688 4432 —
702 4398 793 4445 tulisti.
815 4399 868 4445 Nec
880 4411 926 4459 per
975 4411 1037 4457 quae
1065 4396 1167 4445 elibris
1187 4404 1419 4447 commemorantur.
1455 4392 1494 4443 Sed

389 4493 415 4527 se
434 4478 552 4527 satisfacit
571 4479 713 4525 Pronomen
733 4474 812 4539 (eam)
824 4475 850 4521 in
863 4474 926 4537 legis
975 4476 1042 4537 quod
1060 4476 1081 4523 is
1102 4478 1229 4537 sequentia
1247 4477 1282 4525 sic
1303 4478 1393 4537 edidit,
1413 4476 1495 4535 reliqua

342 4585 353 4603 .
389 4557 573 4620 designatione,
600 4560 625 4604 et
644 4553 784 4617 languidior
804 4557 841 4601 est
861 4554 925 4601 eius·
975 4569 1044 4612 cura,
1059 4555 1085 4601 et
1098 4556 1245 4618 cogitatione
1258 4560 1389 4615 muniar,
1403 4554 1493 4617 primum
