3242 5500
415 574 528 623 urana
554 574 757 627 saouunus.
786 560 803 639 t
830 558 913 628 333.
1158 562 1227 630 255

113 770 149 817 ea
168 753 355 842 praecepta
369 806 384 832 ,.
405 770 495 841 quae
518 746 562 817 de
587 746 808 821 suasionibus
834 748 1005 821 tradenda
1040 759 1122 822 sunt
1154 748 1230 846 [aut

113 850 400 951 laudationibus]:
428 864 511 928 suut
536 856 630 927 enim
654 856 822 951 pleraque
847 859 1057 931 eommunia.
1085 860 1153 931 Sed
1176 869 1229 932 ta-

113 989 188 1036 men
227 965 375 1037 suadere
411 964 545 1060 aliquid
571 973 640 1055 aut
665 965 867 1038 dissuadere
897 969 1120 1063 gravissimae
1142 959 1258 1042 mihi

113 1099 276 1169 personae
313 1074 451 1147 videtur
476 1098 576 1145 esse:
606 1099 688 1145 nam
714 1082 749 1147 et
772 1077 941 1173 sapientis
965 1088 1019 1149 est
1043 1078 1230 1150 consilium

112 1185 281 1279 explicare
306 1208 410 1255 suum
432 1184 476 1256 de
489 1184 651 1256 maximis
664 1184 788 1271 rebus,
815 1194 851 1257 et
868 1186 1024 1272 honesti,
1042 1196 1078 1260 et
1094 1188 1229 1275 diserti,

112 1302 148 1365 ut
178 1301 298 1366 mente
330 1292 531 1389 providere,
556 1294 764 1367 auctoritate
785 1294 949 1390 probare,
974 1297 1129 1368 oratione
1151 1322 1229 1393 per·

112 1402 254 1473 suadere
278 1403 401 1497 possit.
441 1402 560 1497 Atque
585 1401 670 1475 haee
693 1403 730 1474 in
756 1412 882 1476 senatu
904 1406 1040 1477 minore
1060 1416 1232 1503 apparatu
1257 1406 1303 1474 82

111 1512 243 1605 agenda
265 1519 364 1585 sunt:
385 1511 524 1608 sapiens
543 1512 637 1582 enim
654 1521 707 1584 est
724 1513 928 1599 consilium,
946 1515 1139 1611 multisque
1153 1516 1231 1587 aliis

54 1666 56 1669 -
111 1620 247 1691 dicendi
272 1620 527 1714 relinquendus
545 1619 658 1692 loeus:
680 1621 824 1694 vitanda
839 1624 945 1694 etiarn
962 1624 1098 1719 ingenii
1115 1634 1230 1697 osteu-

110 1730 249 1801 tationis
274 1729 438 1825 suspicio.
474 1728 602 1801 Contio
626 1730 718 1826 capit
740 1755 881 1803 omnem
899 1732 969 1804 vim
989 1734 1172 1819 orationis,
1196 1745 1231 1806 et
1255 1761 1304 1806 aaa

111 1840 316 1933 gravitatem
341 1838 614 1934 varietatemque
637 1838 823 1912 desiderat.
874 1840 970 1935 Ergo
990 1842 1027 1913 in
1050 1842 1229 1933 suadendo

111 1948 195 2019 nihil
212 1962 267 2019 est
286 1946 495 2043 optabilius,
519 1972 625 2043 quam
644 1948 815 2043 dignitas:
846 1945 945 2045 [nam
962 1952 1027 2046 qui
1039 1951 1229 2024 utilitatem

110 2064 224 2152 putat,
258 2080 332 2127 non
358 2056 445 2151 quid
470 2057 622 2128 maxime
646 2058 731 2129 velit
757 2082 895 2145 suasor,
922 2060 984 2131 sed
1009 2061 1107 2155 quid*
1121 2062 1228 2133 inter-

110 2166 189 2237 dum
207 2166 323 2261 magis
342 2173 524 2261 sequatur,
550 2162 680 2261 videm]
701 2191 805 2239 nemo
822 2176 876 2239 est
894 2168 1005 2254 enim,
1024 2172 1229 2265 praesertim

109 2276 143 2346 in
175 2284 249 2347 tam
282 2275 374 2347 clara
399 2275 555 2361 civitate,
583 2276 669 2370 quin
695 2284 796 2373 putet
821 2277 1053 2371 expetendam
1078 2281 1230 2351 maxime

110 2384 337 2479 dignitatem:
365 2384 427 2455 sed
443 2384 551 2457 vincit
569 2384 704 2457 utilitas
725 2386 953 2481 plerumque,
981 2411 1092 2483 quum
1111 2388 1231 2460 subest

111 2494 164 2566 ille
200 2495 326 2579 timor,
366 2518 406 2565 ee
440 2494 601 2588 neglecta
637 2519 682 2566 ne
715 2494 926 2589 dignitatem
959 2498 1103 2592 quidem
1128 2523 1230 2594 posse

108 2604 258 2675 retineri.
319 2598 578 2698 [Controversia
603 2612 721 2676 autem
747 2612 800 2677 est
825 2605 918 2677 inter
943 2605 1127 2679 hominum
1150 2633 1227 2679 seu·
1254 2638 1301 2684 aaa

106 2714 229 2786 tentiae
256 2712 382 2786 autin
408 2712 488 2798 ille,
515 2720 635 2785 utrum
662 2713 865 2799 statilius,
892 2717 1090 2803 autetiam,
1117 2742 1228 2813 quum

134 3030 289 3089 persuadere
299 3030 389 3088 possit.
414 3029 591 3078 Revocandum
606 3029 642 3077 vi·
695 3029 785 3090 posita:
802 3029 1233 3092 etnecessariocopulandasuntff-

106 3105 205 3155 debatur
219 3107 287 3164 hoc,
301 3121 348 3168 pro
362 3107 466 3155 aliorum
475 3107 565 3166 porcia.
695 3122 767 3169 qaam
777 3107 893 3171 dipnitae.
912 3107 1230 3159 Nemeesteaim-maai-

135 3187 227 3246 inperiti
251 3185 425 3233 ostentationis
447 3187 562 3246 auspicio.
596 3185 644 3244 Qui
694 3201 733 3232 me
746 3185 901 3248 dipaitatem.
936 3186 986 3234 Sed
996 3188 1125 3235 vincit-.

106 3264 196 3326 duplici
224 3265 345 3313 Genitivo
371 3262 483 3326 (qualem
504 3263 644 3312 notavimus
728 3265 785 3312 335.
806 3264 1230 3325 [controversiaautemert-con-

106 3340 646 3405 supra‚§182)0ffendebantur,scripserunt
694 3341 823 3390 mundam
840 3343 897 3404 ait]
923 3344 1017 3392 lterum
1031 3344 1093 3392 haec
1107 3343 1138 3392 ab
1152 3346 1232 3392 aliena

105 3419 128 3468 in
144 3423 228 3470 multis
246 3419 318 3468 libris
333 3421 561 3482 ostentatiouiaqae.
596 3421 645 3469 Sed
695 3435 770 3468 manu
783 3421 1001 3482 interpositarum,
1017 3423 1231 3484 etintempestive,

89 3501 152 3547 'non
172 3500 276 3547 difficile
298 3504 336 3547 est
356 3513 387 3548 ex
404 3499 457 3548 aliis
470 3497 586 3547 vocabuli
600 3499 643 3546 de·
696 3503 721 3546 et
740 3499 835 3546 inscite.
870 3499 939 3547 Nihil
956 3500 1006 3547 hue
1019 3500 1159 3561 pertinebat
1172 3503 1232 3549 doc-

105 3577 292 3636 prarationibus
316 3578 460 3638 exsculpere
487 3577 550 3635 hoc,
579 3577 646 3638 quod
694 3577 784 3625 trinam
810 3577 879 3624 illam
907 3577 932 3624 h.
954 3579 972 3625 l.
994 3577 1133 3638 explicare,
1158 3593 1231 3638 quam

106 3654 161 3702 inihi
174 3670 267 3704 verum
283 3655 393 3714 videtur,
408 3655 646 3719 irtpeniioatentandi
694 3655 770 3702 tradit
789 3655 862 3704 Offic.
883 3656 904 3703 I.
927 3659 939 3713 ξ
961 3657 989 3712 9,
1011 3670 1060 3716 aq.:
1082 3662 1122 3713 et,
1136 3657 1156 3704 si
1170 3657 1236 3716 haec,

105 3735 223 3792 nepteo:
246 3747 329 3794 eoque
347 3733 441 3782 ducunt
454 3747 482 3780 ea
499 3735 565 3795 ipsa,
583 3747 646 3794 quae
695 3737 779 3782 tamen
791 3733 991 3795 interponantur,
1003 3739 1231 3796 equornmpostre·

107 3811 244 3860 Ellendtius
260 3811 295 3860 ad
309 3812 335 3858 h.
349 3813 367 3859 l.
382 3811 517 3860 annotavit.
695 3812 741 3859 mis
749 3812 931 3860 conficiendum
938 3817 976 3860 est
982 3827 1092 3875 pugnam
1100 3827 1153 3861 esse
1160 3828 1232 3875 posse

136 3891 193 3938 334.
215 3891 289 3952 [nam
304 3891 346 3950 qai
360 3887 644 3950 utilitatem-aideb]
696 3889 761 3937 inter
787 3889 942 3938 honestatem
963 3896 988 3938 et
1007 3892 1153 3948 utilitatem,
1175 3907 1232 3953 per·

107 3966 203 4016 initium
218 3967 296 4016 huius
309 3967 358 4014 loci
370 3966 648 4031 (qai—patct)licebit
697 3982 771 4028 quam
792 3968 877 4030 inepte
896 3969 925 4016 iis
945 3968 1072 4018 subiicitur
1092 3986 1155 4032 qaae
1175 3973 1234 4034 qaia

107 4042 206 4094 sonasse
227 4047 265 4094 sic
280 4046 405 4106 explendo
418 4046 590 4106 interpretari,
605 4047 647 4108 pai
692 4059 806 4108 pappare
824 4047 892 4094 inter
904 4061 931 4093 ee
942 4061 1015 4108 caepe
1027 4050 1150 4096 videntur.
1185 4050 1234 4097 Sed

102 4125 176 4181 putat
189 4125 333 4172 utilitatem
346 4124 372 4170 ia
385 4124 647 4184 suadendooptabita'o·
684 4124 825 4181 ,videamus
844 4125 877 4174 de
896 4124 978 4174 verbis
997 4126 1065 4189 ipsis.
1107 4127 1233 4185 Primum,

107 4213 156 4248 rem
168 4217 235 4260 erae,
251 4217 328 4265 quum
342 4203 496 4265 dipnitatm
519 4202 568 4250 Sed
579 4202 649 4250 nulla
698 4207 839 4250 constanter
860 4204 1026 4252 controversia
1045 4205 1111 4266 apud
1132 4206 1232 4254 Cicero·

107 4291 162 4328 sana
186 4281 315 4330 sententia
335 4281 418 4340 prodit
439 4295 452 4328 e
473 4278 647 4342 sequentibus,
697 4295 755 4328 nem
775 4281 865 4329 dicitur
885 4295 938 4330 esse
952 4284 1019 4330 inter
1032 4284 1153 4341 dominer,
1168 4299 1231 4342 non,

107 4370 152 4404 aaa
172 4360 236 4419 quid
253 4385 291 4394 -
310 4359 385 4406 videt.
406 4359 486 4416 .Quid
504 4359 569 4406 enim
584 4358 647 4414 hoc,
698 4364 725 4408 ut
736 4359 762 4406 h.
771 4361 801 4415 l.,
815 4360 1171 4410 iaterbomiaameeuteutiaa:
1186 4379 1231 4424 pu·

107 4436 146 4496 qai
155 4437 248 4494 putat,
271 4436 357 4484 videt?
379 4440 403 4484 et
416 4450 478 4496 qaae
493 4441 530 4485 est
543 4437 589 4484 ista
602 4451 647 4498 op·
697 4436 776 4484 tidum
800 4437 832 4485 sit
852 4438 918 4486 istud
938 4440 1057 4500 exemplis
1078 4443 1233 4490 confirmare.

106 4514 205 4572 positio,
230 4515 296 4578 qaid
315 4514 373 4561 velit
386 4529 484 4572 masor,
500 4521 525 4563 et
539 4515 647 4576 quidce-
698 4516 775 4572 Tum,
789 4515 815 4563 in
830 4518 1016 4566 enumeratione
1029 4518 1137 4578 plurium
1150 4519 1175 4566 in
1189 4520 1233 4568 illo

108 4595 216 4651 quatur?
254 4595 320 4641 Sunt
337 4594 382 4640 ista
397 4592 478 4640 omnia
493 4593 575 4654 inepte
589 4607 646 4654 sup·
699 4608 789 4656 genere
797 4597 1029 4652 controversiarum,
1040 4610 1169 4658 perperam
1177 4598 1233 4647 illae
