3242 5500
435 570 549 619 arnan
576 570 726 621 narnus.
754 554 772 635 §
798 554 880 622 251.
955 543 958 551 λ
1153 556 1218 622 lll

104 740 211 828 tient,
250 766 370 815 vocem
407 742 573 815 cubantes
610 744 739 816 sensim
776 744 949 829 excitant,
984 744 1221 841 eandemque,

105 877 209 948 quum
247 861 411 947 egerunt,
450 852 609 924 sedentes
633 852 678 924 ab
703 854 906 926 acutissimo
931 878 1017 925 sono
1041 855 1223 950 usquead

105 961 347 1057 gravissimum
378 986 503 1033 sonum
535 962 727 1057 recipiunt,
758 970 791 1034 et
816 963 916 1059 quasi
941 963 1094 1058 quodam
1118 965 1223 1035 modo

105 1072 284 1166 colligunt.
336 1069 416 1143 Hoc
451 1095 515 1143 nos
552 1071 582 1143 si
617 1071 730 1143 lacere
763 1072 928 1159 velimus,
954 1081 1033 1145 ante
1058 1073 1222 1146 condem·

105 1190 230 1252 nentur
264 1180 311 1266 ii,
349 1205 499 1277 quorum
534 1205 655 1252 causas
687 1182 943 1277 receperimus,
970 1207 1076 1278 quam
1101 1184 1222 1268 toties

105 1290 238 1385 quoties
263 1290 526 1386 praescribitur,
552 1314 721 1387 paeanem
741 1299 802 1363 aut
816 1293 1220 1364 nomionemcitarimus.

107 1400 209 1475 Quod
247 1401 277 1472 si
313 1400 351 1471 in
387 1408 510 1495 gestu,
544 1399 606 1495 qui
630 1401 781 1473 multum
805 1409 977 1473 oratorem
1001 1401 1163 1487 adiuvat,
1188 1409 1223 1473 et
1247 1431 1292 1477 aaa

105 1510 139 1581 in
162 1534 265 1596 voce,
292 1533 381 1605 quae
404 1532 476 1580 una
493 1509 644 1581 maxime
658 1510 895 1605 eloquentiam
913 1512 968 1583 vel
985 1510 1222 1595 commendat,

106 1619 156 1690 vel
187 1620 361 1703 sustinet,
394 1617 569 1691 elaborare
602 1617 705 1691 nobis
737 1644 808 1691 non
833 1619 934 1707 licet,
958 1645 998 1692 ao
1022 1627 1160 1692 tantum
1185 1620 1222 1691 in

106 1735 251 1822 utroque
283 1728 422 1823 assequi
454 1752 661 1824 possumus,
693 1730 928 1824 quantumin
953 1729 1017 1801 hac
1040 1732 1113 1801 acie
1138 1753 1222 1824 quo·

105 1837 224 1909 tidiani
258 1838 415 1909 muneris
447 1838 552 1934 spatii
583 1838 686 1910 nobis
719 1838 838 1924 datur3
873 1847 1003 1934 quanto
1028 1839 1146 1910 minus
1170 1846 1222 1909 est
1255 1875 1257 1878 ·

106 1946 147 2017 ad
168 1946 257 2018 iuris
276 1946 387 2018 civilis
407 1946 629 2041 perdiscendi
640 1948 902 2045 occupationem
915 1948 1223 2021 descendendum?

107 2055 196 2149 quod
219 2063 257 2127 et
281 2055 484 2127 summatim
508 2057 642 2152 percipi
664 2057 739 2129 sine
760 2057 917 2129 doctrina
933 2065 1066 2154 potest,
1088 2064 1121 2128 et
1134 2055 1223 2127 hano

107 2163 203 2236 habet
244 2162 289 2235 ab
325 2164 395 2236 illis
431 2162 536 2237 rebus
573 2165 919 2253 dissimilitudinem,
956 2166 1052 2263 quod
1086 2190 1152 2237 vox
1188 2172 1224 2236 et

106 2282 219 2366 gestus
256 2273 372 2344 subito
409 2274 500 2346 sumi
529 2282 563 2347 et
587 2274 729 2347 aliunde
753 2276 859 2371 arripi
884 2299 954 2347 non
979 2283 1111 2372 potest,
1137 2274 1224 2346 iuris

105 2383 231 2455 utilitas
265 2383 311 2454 ad
344 2407 518 2479 quamque
551 2408 710 2470 oausam,
744 2386 904 2479 quamvis
934 2392 1095 2481 repente,
1125 2383 1223 2455 vela

106 2492 237 2586 peritis,
263 2493 319 2564 vel
344 2492 387 2564 de
411 2490 509 2565 libris
533 2493 691 2590 depromi
714 2502 839 2590 potest.
892 2495 1017 2590 Itaque
1040 2494 1093 2565 illi
1116 2492 1224 2564 diser·
1249 2519 1296 2565 aaa

106 2602 226 2674 tissimi
253 2601 413 2675 homines
438 2602 617 2675 ministros
642 2602 771 2675 habent
791 2605 829 2676 in
850 2605 963 2676 causis
977 2604 1062 2676 iuris
1075 2603 1223 2698 peritos,

107 2704 230 2806 [quum
256 2712 326 2808 ipsi
340 2712 410 2784 sint
422 2711 645 2808 peritissimi,
672 2708 723 2808 et]
740 2714 821 2811 qui,
835 2721 875 2786 ut
885 2712 948 2786 abs
961 2720 996 2786 te
1009 2713 1128 2810 paullo
1144 2720 1225 2784 ante

103 2821 229 2893 dictum
264 2829 336 2907 est,
371 2822 577 2917 pragmatici
609 2830 787 2896 vocantur.
841 2824 884 2895 In
918 2848 988 2919 quo
1013 2823 1124 2895 nostri
1147 2845 1221 2894 om·

102 2928 181 3000 nino
205 2929 335 3002 melius
359 2931 489 3016 multo,
519 2931 614 3027 quod
638 2932 910 3004 clarissimorum
934 2932 1118 3004 hominum
1142 2956 1222 3004 auc·

103 3040 235 3111 toritate
267 3040 363 3134 leges
389 3048 422 3123 et
446 3040 523 3112 iura
547 3049 638 3112 tecta
663 3065 737 3112 esse
762 3041 960 3114 voluerunt.
1013 3041 1082 3113 Sed
1105 3049 1223 3113 tamen

103 3171 168 3219 non
200 3149 354 3244 fugisset
386 3148 450 3220 hoc
476 3150 626 3222 Graecos
651 3149 831 3236 homines,
857 3151 887 3222 si
911 3151 961 3223 ita
985 3174 1126 3224 necesse
1150 3174 1225 3222 esse

107 3315 152 3326 .-

105 3418 163 3465 tant.
181 3419 229 3466 Vix
243 3416 381 3477 credibile,
394 3426 448 3467 tum
462 3423 564 3481 propter
570 3419 639 3468 illam
722 3435 751 3468 aa
764 3423 871 3468 tantam.
886 3420 1030 3470 Necessario
1037 3422 1223 3485 corrigendum,

103 3498 260 3556 complurium
281 3511 403 3544 annorum
423 3497 638 3556 exercitationem,
688 3513 718 3546 ac
734 3500 825 3546 tamen.

103 3577 151 3621 tum
171 3576 239 3634 quod
260 3590 291 3623 ea
308 3576 421 3623 cedentes
433 3576 469 3624 nti
483 3591 536 3625 ease
550 3576 639 3624 dicun·
722 3579 779 3625 253.
797 3579 882 3639 itaque
896 3577 933 3624 tui
947 3577 1104 3625 disertissimi
1110 3577 1225 3624 homines.

103 3657 148 3699 tm.
689 3654 1227 3718 Quislntilli,nonapparetecontextu.Sed

128 3745 246 3790 paeonem
271 3733 317 3778 aut
337 3733 479 3780 aomioaem.
513 3733 553 3782 Sic
571 3733 639 3795 Kay-
688 3733 835 3782 mutandum
847 3734 947 3793 inillie,
960 3735 977 3783 i.
992 3749 1014 3782 e.
1029 3735 1096 3796 apud
1104 3736 1225 3791 Graecos,

104 3821 166 3857 serus
178 3811 266 3858 edidit.
281 3811 365 3872 Vulgo
372 3811 525 3859 mum'onem:
540 3815 640 3860 eteom-
689 3813 729 3860 cui
742 3827 800 3860 mox
814 3813 930 3874 opponit,
945 3813 972 3859 in
983 3814 1115 3874 qaoaoetre‘
1121 3815 1225 3861 melias:

104 3888 275 3936 mandaveram
296 3888 349 3950 ipse
369 3888 415 3936 viri
433 3889 499 3938 docti
513 3889 639 3938 coniectu·
687 3889 788 3952 respicit
800 3904 843 3947 ea,
858 3905 921 3952 quae
934 3892 1035 3940 Crassus
1042 3891 1156 3950 dixerati
1170 3893 1225 3940 198,

103 3979 151 4012 ram
164 3981 275 4024 nomam,
289 3981 364 4028 quam
376 3967 515 4016 confirmari
522 3966 640 4029 putabam
725 3971 813 4031 [quum
826 3969 874 4030 brai
887 3971 940 4018 aiat
948 3970 1152 4031 pertractaret}
1170 3971 1226 4018 Non

104 4041 155 4090 loeo
174 4045 288 4094 Platonis
311 4047 390 4108 Legg.
413 4047 462 4094 111.
483 4061 509 4108 p.
533 4046 589 4095 700.
606 4048 639 4103 B,
689 4047 741 4096 eine
761 4063 835 4096 causa
849 4048 984 4097 Lambinus
998 4053 1139 4097 correxerat
1151 4050 1226 4108 impe·

103 4119 201 4170 sommae
210 4121 539 4184 quoquelocoPhotiiBibl.
547 4139 573 4185 p.
581 4125 639 4172 320.
689 4126 814 4173 ritiaeimi.
844 4127 894 4176 Sed
906 4127 956 4175 hoc
968 4127 1049 4188 ipsum
1061 4127 1168 4184 indicat,
1181 4127 1228 4174 iata

104 4195 127 4246 b.
139 4214 175 4247 vs.
191 4203 232 4250 23.
248 4202 357 4250 Bekker.
690 4202 721 4252 ab
735 4203 913 4266 interpolatore
926 4205 1039 4267 profecte
1052 4219 1120 4263 erse,
1135 4210 1226 4253 eicon-

135 4279 190 4326 252.
209 4294 275 4341 qaae
294 4295 345 4328 aaa
358 4281 465 4328 manime
478 4281 642 4342 eloquentiam
690 4282 752 4330 cedo
772 4296 840 4329 nunc
861 4284 1055 4341 Henrichsenio,
1079 4298 1109 4331 eo
1129 4297 1227 4344 quoque

67 4381 71 4386 -
104 4357 317 4417 aeieommendat,
332 4359 497 4407 armeraci.
532 4357 640 4406 Sedulo·
690 4365 772 4408 motus
793 4367 955 4423 argumento,
982 4363 1050 4423 quod
1067 4361 1094 4409 in
1114 4361 1227 4409 sollemni

104 4435 198 4491 quentia
215 4451 300 4497 neque
314 4437 541 4494 commendatione,
560 4451 642 4497 neque
690 4439 787 4499 syntaxi
810 4455 852 4487 eoa
871 4441 914 4502 qui
933 4441 1019 4488 divelli
1039 4455 1089 4487 non
1109 4438 1228 4489 licebata

103 4509 179 4561 tulero
192 4514 301 4577 indiget.
333 4515 514 4579 Cor-rigandum
528 4520 578 4573 est,
593 4518 642 4563 elo·
686 4516 799 4576 periton
810 4521 873 4575 turn,
881 4518 1032 4582 prapmatiei
1038 4522 1165 4575 moratur,
1176 4532 1229 4566 ser·

106 4593 222 4648 queam
625 4602 631 4614 ·
690 4596 772 4642 venda
789 4601 856 4644 sunt.
