3242 5500
688 549 729 560 -
1248 533 1269 576 V

144 701 209 756 tata
241 700 272 754 et
304 693 456 772 incompta
479 691 637 754 videbitur.
687 690 767 752 Satis
793 692 886 768 mihi,
914 692 946 752 in
969 698 1033 752 tam
1058 692 1142 772 larga
1165 700 1269 772 segete

145 798 453 874 commentariorum,
484 797 593 875 quibus
616 797 671 857 viri
688 795 767 857 docti
785 797 894 857 horum
914 797 1060 858 librorum
1077 797 1269 859 illustrationi

146 903 375 978 consuluissent,
392 920 474 961 nunc
492 919 557 964 esse
573 900 738 978 videbatur,
760 901 785 960 si
800 919 891 980 parce
909 906 940 962 et
954 901 1086 962 breviter
1104 902 1269 962 indicarem

146 1007 220 1087 quid
234 1006 310 1069 mihi
325 1005 473 1085 placeret,
495 1010 547 1065 aut
564 1005 636 1084 quid
655 1005 919 1081 commendarem,
940 1005 1021 1066 haud
1036 1024 1105 1066 raro
1122 1007 1214 1068 etiam
1231 1026 1270 1067 ne

146 1112 291 1192 expositis
309 1111 431 1190 quidem
448 1109 549 1170 iudicii
566 1109 627 1169 mei
644 1109 810 1169 rationibus
819 1155 828 1185 ,
848 1109 900 1169 ubi
915 1110 971 1170 has
988 1129 1042 1190 per
1055 1129 1087 1170 se
1101 1110 1173 1172 satis
1184 1130 1270 1191 aper-

146 1225 194 1279 tas
222 1216 435 1276 existimarem.
477 1213 608 1275 Maxime
631 1214 723 1293 igitur
752 1213 843 1275 vitavi
866 1233 934 1274 eam
960 1215 1166 1294 sedulitatem,
1193 1235 1270 1295 quae

146 1322 316 1397 variamm,
336 1327 370 1381 ut
379 1319 583 1400 appellantur,
604 1318 768 1380 lectionum
775 1338 830 1398 per
840 1318 932 1379 libros
939 1321 1159 1401 manuscriptos
1170 1327 1270 1383 ortum

147 1434 179 1488 et
195 1443 403 1506 progressum,
425 1431 456 1486 et
471 1425 572 1485 nescio
592 1442 665 1503 quas
684 1423 905 1484 vicissitudines
926 1430 957 1484 et
972 1443 1058 1486 casus
1070 1425 1136 1486 aliis
1147 1427 1270 1488 demon-

105 1554 110 1563 ·
147 1537 245 1592 strare
262 1535 395 1607 conatur,
413 1535 569 1608 tamquam
591 1529 615 1589 si
632 1529 708 1589 haec
725 1529 879 1608 indagatio
898 1530 1097 1591 certissimam
1115 1531 1195 1592 viam
1208 1534 1270 1593 veri

147 1634 321 1695 inveniendi
338 1637 529 1715 patefaceret,
551 1638 603 1694 aut
619 1639 774 1714 tamquam
793 1634 818 1693 si
835 1634 997 1712 socordiae,
1014 1643 1045 1697 et
1055 1637 1271 1716 negligentiae,

147 1747 179 1801 et
204 1740 400 1816 temeritatis,
423 1746 452 1800 et
471 1739 693 1818 impudentiae,
716 1737 825 1816 quibus
851 1738 1043 1799 librariorum
1059 1742 1214 1802 fraudibus
1230 1743 1272 1804 vi-

150 1849 244 1909 tiatos
269 1845 385 1907 codices
415 1844 580 1920 habemus,
602 1848 683 1904 certa
710 1861 821 1922 genera
840 1848 871 1904 et
887 1843 1001 1923 species
1014 1845 1140 1906 definire
1155 1847 1272 1924 liceret,

149 1952 261 2031 quibus
293 1948 420 2028 cognitis
454 1948 623 2028 corrigendi
659 1948 808 2027 quoddam
838 1948 999 2009 artificium
1031 1952 1271 2013 constitueretur.

148 2056 280 2117 Multurn
304 2055 389 2114 abest
414 2059 448 2114 ut
474 2053 642 2113 istiusmodi
665 2071 786 2132 operam
804 2052 927 2112 inanem
945 2072 1010 2114 esse
1026 2056 1172 2133 sentiam,
1194 2076 1272 2136 quae

148 2159 329 2242 praesertim
347 2158 428 2218 haud
445 2177 513 2218 raro
531 2158 661 2218 suaviter
677 2156 787 2217 afficiat
803 2157 956 2234 animum,
979 2159 1064 2219 etad
1082 2161 1199 2239 quidvis
1216 2161 1272 2220 fin-

150 2253 284 2346 gendum
303 2263 430 2323 excitet:
453 2263 506 2323 sed
523 2264 580 2322 hoo
598 2261 673 2322 mihi
689 2279 866 2322 concessum
882 2261 919 2322 iri
928 2282 1032 2342 spero,
1049 2265 1144 2325 multo
1153 2265 1273 2344 saepius

151 2389 220 2430 eam
246 2368 373 2428 otiosam
399 2385 465 2426 esse
480 2377 581 2446 neque
597 2367 800 2426 necessariam
817 2366 871 2442 iis,
892 2367 944 2446 qui
961 2368 1071 2429 multos
1087 2370 1179 2430 libros
1195 2376 1273 2432 trac-

151 2481 218 2536 tare
236 2472 455 2532 consueverint.

191 2578 292 2639 Meam
315 2577 407 2656 igitur
431 2577 463 2636 in
488 2575 660 2636 annotando
683 2575 833 2635 rationem
855 2582 991 2654 secutus,
1014 2597 1073 2657 quo
1090 2579 1211 2640 brevior
1227 2599 1274 2647 es-

151 2705 235 2760 sem,
264 2683 390 2742 tortasse
413 2686 517 2740 tamen
537 2680 631 2740 nimio
649 2679 805 2740 brevitatis
822 2681 920 2741 studio
936 2682 1139 2762 negligentiae
1156 2685 1275 2765 culpam

151 2788 338 2851 contraxisse
355 2786 485 2846 videbor.
527 2785 680 2847 Taedebat
698 2784 780 2845 enirn
798 2785 868 2845 data
885 2805 975 2865 opera
991 2789 1149 2868 exquirere
1166 2797 1197 2851 et
1216 2790 1274 2851 col-

149 2896 246 2975 ligere
273 2891 418 2971 quidquid
441 2908 588 2969 umquam
614 2908 632 2951 a
652 2908 804 2969 quoquam
824 2890 861 2950 de
879 2892 988 2951 horum
1004 2893 1150 2955 librorum
1167 2895 1214 2956 vel
1229 2895 1275 2955 in·
1301 2882 1303 2887 ¹

151 2984 368 3079 terpretatione
391 2996 438 3057 vel
464 2995 675 3055 emendatione
705 2996 910 3075 excogitatum
936 3003 966 3057 et
982 2998 1162 3077 explicatum
1179 3005 1274 3061 esset:

152 3124 213 3184 quo
239 3102 376 3183 neglecto
401 3120 462 3161 non
484 3099 618 3161 mirabor
638 3101 663 3160 si
685 3101 838 3180 complura
857 3121 981 3179 eorum,
998 3122 1075 3183 quae
1091 3124 1160 3165 mea
1182 3106 1276 3166 videri

152 3209 261 3285 velim,
291 3208 329 3268 ab
352 3206 418 3267 aliis
436 3210 579 3285 occupata
598 3205 689 3265 fuisse
705 3212 864 3284 appareat3
886 3225 985 3285 neque
1004 3214 1108 3268 tamen
1125 3229 1161 3270 eo
1179 3211 1277 3290 magis

153 3331 260 3375 vereor
288 3317 337 3389 ut,
368 3311 419 3390 qui
442 3328 491 3370 me
517 3309 616 3386 norit,
637 3309 774 3370 fraudem
800 3311 876 3370 mihi
905 3316 958 3371 aut
977 3314 1142 3374 vanitatem
1158 3316 1276 3395 potiuS‚

154 3437 248 3497 quam
268 3416 370 3476 nescio
392 3434 482 3494 quam
499 3414 646 3475 desidiam
663 3414 791 3475 obiiciat.
834 3414 893 3475 Sed
907 3434 1003 3495 pauca
1019 3418 1084 3497 ipsa
1103 3439 1180 3499 quae
1196 3440 1277 3480 oom-

153 3522 245 3603 pleoti
277 3520 410 3580 solebam
442 3526 472 3579 et
503 3519 693 3598 diligentium
720 3538 778 3597 quo
804 3538 905 3579 meam
931 3520 1082 3582 iudicandi
1106 3525 1277 3585 facultatem

154 3644 311 3701 acuerem,
333 3624 536 3701 considerare,
558 3625 601 3685 sic
617 3624 648 3683 in
666 3642 733 3684 mea
752 3624 947 3685 annotatione
965 3629 1120 3687 tractanda
1137 3629 1278 3706 iudicavi,

154 3737 207 3807 ut,
237 3730 296 3790 nisi
320 3730 478 3809 perpaucis
501 3729 574 3789 locis
591 3728 735 3808 exceptiS,
758 3728 834 3787 nihil
850 3729 1193 3809 disputaremadversus
1211 3755 1278 3811 em,

157 3836 339 3917 quibuscum
363 3835 571 3915 dissentirem:
594 3838 659 3893 tum
678 3852 747 3893 mea
765 3852 902 3913 quoque,
924 3854 1000 3913 quae
1019 3836 1090 3896 olim
1108 3838 1278 3918 edideram,

157 3943 182 4002 si
197 3941 378 4015 retinerem,
398 3939 489 3999 verbo
504 3940 682 4018 plerumque
699 3937 833 3998 indicare
849 3939 950 4016 malui,
967 3960 1059 4019 quam
1070 3941 1159 4022 plene
1169 3944 1279 4006 iterum

158 4044 344 4120 describere,
366 4049 415 4120 et,
431 4044 456 4104 si
473 4044 520 4105 vel
539 4044 743 4123 repudiarem,
765 4042 812 4103 vel
829 4043 1024 4123 corrigerem,
1045 4047 1212 4110 rationibus
1228 4052 1280 4111 ad-

159 4152 229 4211 ditis
248 4167 496 4209 commemorare.

197 4256 243 4317 De
268 4254 362 4333 ipsius
387 4253 499 4331 dialogi
525 4252 571 4313 vel
595 4250 744 4312 scribendi
769 4253 939 4332 edendique
957 4256 1194 4335 opportunitate,
1216 4265 1282 4320 tum

162 4361 197 4421 de
226 4362 325 4421 forma
351 4359 409 4418 hac
433 4356 602 4437 scriptionis
625 4357 722 4436 deque
739 4359 917 4419 auctoritate
934 4378 1024 4438 quarn
1041 4360 1144 4423 Cicero
1162 4370 1282 4425 secutus

162 4465 216 4541 sit,
238 4470 393 4543 postremo
418 4463 455 4523 de
474 4462 566 4542 ipsius
584 4446 756 4541 argumenti
775 4464 955 4524 tractatione
972 4465 1045 4523 nihil
1063 4486 1137 4545 opus
1155 4488 1221 4532 esse
1239 4472 1282 4532 vi-
