3242 5500
483 523 597 574 crana
624 524 762 574 curuos
789 509 806 589 §
833 509 891 578 63.
1200 513 1246 581 29

111 691 160 776 ‚in
183 713 223 761 eo
246 689 417 764 disertum
437 717 512 766 esse
532 720 634 791 posse
660 697 752 793 quod
780 699 934 787 neseiat,
962 726 1097 799 neque,
1125 704 1154 775 si
1175 698 1244 798 [id]

122 801 257 897 optime
280 800 386 888 sciat,
414 803 628 901 ignarusque
646 808 691 879 sit
713 807 897 881 faciundae
914 835 953 883 ac
970 812 1155 908 poliendae
1171 837 1245 884 ora·

123 910 253 996 tionis,
286 910 416 984 diserte
445 912 482 987 id
503 914 620 1010 ipsum
641 941 742 1012 posse
772 912 833 1012 [de
855 945 925 1015 quo
946 917 1047 1017 sciat]
1077 923 1201 996 dicere.

176 1020 436 1110 Quamobrem,
469 1024 600 1120 siquis
625 1026 821 1099 universam
847 1036 882 1100 et
905 1032 1081 1127 propriam
1104 1032 1250 1105 oratoris
1275 1041 1320 1108 15

123 1129 196 1201 vim
221 1130 367 1204 definire
387 1134 641 1231 complectique
658 1136 756 1222 vult,
783 1137 813 1210 is
830 1146 946 1212 orator
962 1142 1048 1228 erit,
1076 1167 1153 1214 mea
1170 1167 1247 1215 sen·
1292 1155 1323 1198 ⁶4

123 1240 258 1328 tentia,
290 1240 356 1314 hoe
384 1251 458 1315 tam
481 1249 578 1340 gravi
603 1245 732 1341 diguus
757 1248 922 1335 nomine,
949 1252 1034 1345 qui,
1061 1276 1248 1348 quaecum·

123 1374 196 1445 que
217 1375 272 1423 res
290 1351 475 1440 inciderit,
503 1379 592 1450 quae
610 1355 655 1428 sit
673 1356 826 1428 dictione
842 1360 1068 1455 explicanda,
1095 1363 1248 1459 pruden-

123 1468 201 1546 ter,
228 1467 263 1532 et
284 1463 498 1559 composite,
526 1472 560 1536 et
583 1473 728 1552 ornate,
756 1474 790 1538 et
812 1471 1012 1542 memoriter
1028 1471 1142 1559 dicat,
1169 1497 1250 1545 cum

124 1569 278 1664 quadam
309 1573 415 1645 etiam
445 1575 592 1646 actionis
625 1574 810 1671 dignitate.
864 1578 925 1650 Sin
961 1580 1113 1677 cuipiam
1143 1582 1250 1653 nimis
1292 1594 1322 1639 6⁵

123 1680 306 1754 infinitum
335 1682 494 1771 videtur,
526 1685 621 1780 quod
651 1684 700 1757 ita
732 1688 856 1782 posui,
895 1714 1106 1786 quacumque
1129 1691 1171 1764 dc
1191 1715 1249 1778 re,

124 1789 207 1862 licet
228 1789 332 1878 hinc,
351 1801 523 1887 quantum
541 1795 667 1888 cuique
683 1794 882 1884 videbitur,
901 1799 1127 1873 circumcidat
1144 1807 1250 1896 atque

124 1907 307 1995 amputet:
340 1909 457 1976 tamen
484 1902 574 1975 illud
597 1903 746 1991 tenebo,
784 1905 835 1992 si,
873 1932 962 2002 quae
993 1910 1116 1982 ceteris
1138 1911 1174 1981 in
1195 1934 1248 1980 ar-

124 2007 223 2083 tibus
253 2018 314 2082 aut
343 2013 468 2086 studiis
497 2013 564 2086 sita
592 2020 675 2086 sunt
705 2021 822 2086 orator
850 2018 1010 2112 ignoret,
1041 2026 1250 2114 tantumque

124 2143 166 2192 ea
196 2128 315 2193 teneat
344 2147 434 2218 quae
464 2131 547 2196 sunt
578 2124 614 2195 in
648 2123 961 2220 disceptationibus
986 2135 1093 2222 atque
1118 2130 1155 2200 in
1182 2153 1251 2200 usu

123 2229 277 2317 lorensi,
312 2239 431 2305 tamen
466 2233 521 2307 his
550 2233 594 2306 de
623 2233 728 2306 rebus
762 2235 848 2331 ipsis
872 2236 901 2309 si
921 2238 967 2308 sit
988 2239 1019 2309 ei
1039 2238 1249 2324 dicendum,

125 2495 214 2544 Statim
227 2495 297 2544 initio
311 2494 664 2556 huiuslocioffenditprimum
712 2494 788 2542 terior
808 2497 917 2545 conditio
937 2502 962 2547 et
974 2513 1019 2561 per
1036 2515 1062 2549 se
1075 2505 1213 2563 spectatam,
1227 2504 1252 2548 et

124 2574 269 2622 coniunctio
289 2575 378 2635 atque,
400 2588 476 2634 quum
488 2573 590 2622 inchoet
610 2587 665 2622 eam
713 2575 853 2624 necessario
872 2576 906 2625 ita
920 2591 976 2625 eum
989 2579 1071 2640 priore
1084 2579 1208 2642 iungitrr,
1223 2584 1252 2628 ut

124 2653 288 2712 sententiam,
304 2653 549 2714 quaquodammodo‚
565 2653 665 2700 Socrate
713 2651 787 2700 simul
814 2658 918 2716 utraque
938 2657 1084 2719 cogitanda,
1108 2669 1151 2706 aut
1170 2659 1252 2719 potius
1301 2718 1303 2722 v

124 2737 241 2791 auctore,
257 2732 375 2781 evertitm
388 2731 429 2791 id,
444 2731 592 2794 quodmodo
600 2733 663 2779 affir·
714 2744 759 2792 pro
772 2746 823 2779 una
836 2731 950 2782 habenda
964 2735 1002 2783 sit.
1027 2736 1098 2785 Idem
1111 2737 1252 2786 secutisunt

125 2817 221 2861 matum
235 2816 299 2861 erat:
320 2816 387 2870 tum,
409 2811 476 2873 priua
489 2811 567 2869 illud,
587 2812 665 2859 altero
713 2810 840 2859 novissimi
864 2813 985 2862 Editorea.
1009 2841 1043 2849 -
1066 2816 1097 2863 ln
1116 2818 1165 2864 fine
1185 2816 1253 2877 quod

125 2894 182 2939 loco
196 2895 264 2940 recte
277 2891 400 2952 positum,
416 2890 475 2938 hine
490 2889 665 2938 alienissimum
715 2888 794 2937 editur
816 2891 846 2937 de
866 2906 913 2953 qao
932 2892 1010 2951 aaut,
1031 2898 1088 2952 aut,
1109 2900 1137 2942 ut
1156 2895 1182 2941 in
1199 2896 1253 2943 aliis

125 2975 172 3019 est.
207 2971 301 3027 Porro,
326 2984 377 3017 non
390 2973 450 3030 puto
465 2968 666 3030 Comparativum
713 2966 782 3016 libris
803 2972 856 3027 eat,
877 2971 943 3031 quod
959 2972 1037 3030 aciat,
1059 2982 1120 3033 puto
1133 2987 1185 3021 ease
1199 2987 1250 3020 em·

121 3048 276 3109 probabilior
282 3047 475 3110 defenffiporm,
490 3047 537 3095 nisi
548 3051 666 3107 aequente
715 3044 806 3095 blema.

126 3142 200 3189 qaam
215 3142 273 3175 eum
287 3129 365 3175 altero
380 3126 563 3187 Comparativo.
598 3128 664 3184 Qua·
750 3126 790 3173 64.
809 3119 917 3173 matoria
935 3127 991 3175 mm.
1018 3131 1073 3177 Hoc
1087 3130 1159 3178 dicit:
1177 3144 1253 3190 quum

124 3212 229 3268 propter
268 3206 371 3254 coniicio
405 3204 580 3268 corrigendum
614 3218 666 3253 ease
716 3202 856 3252 definienda
869 3205 1122 3267 estipaiuavoeabuli,
1137 3209 1253 3266 oratoria,

127 3286 228 3333 Scilicet
243 3284 396 3344 probabilius
416 3286 466 3340 eat,
488 3282 665 3344 qaam‘veriaa.
715 3282 766 3330 vis:
781 3282 845 3331 sicut
858 3297 932 3344 snpra
946 3288 958 3341 ξ
974 3287 1014 3333 53.

126 3364 258 3410 Probabile
272 3366 297 3411 et
310 3376 392 3411 veram
406 3360 666 3425 itaiungunttuinfra‚
751 3362 791 3408 65.
812 3363 893 3410 tamea
912 3363 977 3410 illud
996 3366 1086 3411 terrebo.
1122 3366 1181 3412 Post
1193 3378 1253 3412 eon·

127 3446 140 3500 ξ
165 3444 230 3489 24οι
259 3444 338 3499 Tum,
355 3441 381 3488 in
396 3440 495 3489 alterius
509 3440 585 3502 partis
598 3439 667 3487 initio
717 3438 868 3497 cessionem,
889 3454 952 3500 quae
971 3441 1046 3489 modo
1066 3440 1253 3499 absolvebatur,

126 3519 304 3583 corrigendum
325 3534 413 3567 censeo
434 3520 601 3567 triadica-am.
637 3520 668 3567 In
716 3517 808 3579 requiri
835 3524 895 3579 puto
920 3520 1050 3580 copulam,
1071 3534 1134 3580 quae
1153 3525 1255 3581 propter

126 3598 229 3660 reliquis
250 3598 416 3646 demonstravi
437 3598 511 3655 olim,
532 3612 607 3659 qnam
629 3598 669 3645 edi
717 3595 838 3658 syllabam
864 3598 963 3645 finalem
992 3598 1107 3659 praeced.
1140 3596 1256 3646 vocabuli

127 3678 221 3725 soleret
240 3677 262 3724 ai
279 3676 307 3723 id
319 3676 408 3735 optime
420 3676 497 3735 aciat,
512 3676 540 3723 id
551 3676 669 3727 abiicien-
718 3674 799 3737 perire
813 3674 901 3736 potuit,
920 3681 949 3723 ut
962 3677 1059 3738 legatur
1071 3679 1098 3724 et
1108 3678 1198 3723 tamea.

127 3758 189 3804 dum
210 3769 279 3813 esse,
301 3755 449 3815 minimeque
469 3754 510 3819 (ut
522 3755 667 3817 interpreta—
753 3768 815 3815 qaae
826 3757 886 3802 auat
899 3754 926 3799 ia
938 3754 1163 3814 dicceptationibus.
1182 3758 1256 3818 Vulg.

127 3834 202 3883 batur
221 3834 372 3882 Goerenzius
391 3832 423 3881 ad
434 3833 488 3881 Fin.
502 3848 528 3894 p.
544 3836 604 3892 118,
620 3833 669 3897 sq.)
719 3848 781 3895 qaae
797 3833 864 3879 dat.-
886 3833 930 3880 aed
949 3847 1025 3893 quum
1039 3832 1102 3881 haec
1115 3838 1212 3881 tantum
1225 3834 1258 3882 ad

127 3914 156 3961 id
167 3912 256 3961 referri
270 3912 381 3974 possead
389 3911 559 3974 qaodceacict.
578 3915 669 3971 Porro,
720 3911 894 3973 explicandum
908 3912 1035 3970 dieantur,
1050 3912 1258 3973 quemadmodum

127 3992 245 4040 iteratum
266 3990 300 4049 ai,
321 3990 562 4052 porticuumque,
583 3991 669 4039 delen·
719 3990 794 4037 modo
815 4004 876 4051 quae
893 3990 943 4037 cita
961 3993 1035 4048 aaut,
1056 3991 1159 4039 alteram
1172 3992 1258 4040 lectio·

132 4072 193 4118 dum
211 4084 279 4128 esse,
295 4070 362 4129 quod
374 4070 476 4118 iteretur
490 4069 671 4118 aiiniiacondi-
719 4083 777 4116 nem
791 4067 906 4129 praetuli.

129 4148 255 4209 tionibus,
278 4163 383 4209 quarum
397 4148 518 4209 posterior
531 4148 671 4197 necteretur
754 4147 832 4193 malta
851 4147 974 4193 oratorem
992 4147 1080 4195 mellae
1098 4176 1132 4184 -—
1145 4162 1196 4197 ease
1208 4148 1260 4196 dic-

130 4228 234 4289 quidem
248 4241 306 4276 eum
318 4226 416 4287 priore,
431 4227 476 4275 aed
489 4227 584 4285 ordine,
599 4242 672 4289 saepe
723 4228 815 4273 turum.
851 4225 882 4271 In
904 4224 942 4272 hia
956 4225 1078 4284 Kayserus
1092 4225 1192 4274 inclusit
1205 4240 1261 4274 ara·

131 4308 206 4356 οιίιιιιι
234 4320 297 4367 quae
317 4310 430 4366 tempore
450 4309 533 4355 tamen
553 4306 673 4367 posterior
723 4307 816 4361 torem,
838 4302 908 4349 cuius
927 4301 1044 4351 vocabuli
1063 4304 1159 4352 iteratio
1175 4305 1202 4351 in
1216 4304 1263 4353 hac

131 4390 212 4443 esset,
234 4385 301 4447 quod
320 4386 434 4445 exemplo
448 4384 555 4432 indicavi
568 4384 594 4431 in
608 4384 672 4433 Bibl.
723 4381 845 4431 sententia
858 4395 917 4429 eane
931 4383 1036 4430 molesta
1049 4388 1095 4431 est.
1113 4384 1163 4431 Sed
1175 4383 1262 4432 viden·

132 4465 195 4513 Crit.
216 4466 248 4511 N.
270 4464 320 4511 III.
342 4478 367 4525 p.
384 4464 426 4511 68:
442 4462 508 4511 conf.
527 4463 589 4511 Sest.
605 4468 617 4521 ξ
633 4467 674 4511 45.
725 4462 784 4509 dam
796 4465 881 4508 utrum
894 4459 950 4518 hic,
965 4475 997 4508 an
1011 4460 1264 4524 supra(oratoriqno-

132 4544 188 4591 Fin.
209 4543 243 4590 ΙΙ.
259 4546 271 4601 5
289 4543 347 4589 112.
384 4544 439 4591 Hoc
452 4546 535 4590 autem
548 4543 604 4590 loeo
617 4557 676 4605 pos·
725 4540 777 4604 ret)
790 4540 930 4588 tollendum
944 4539 983 4596 sit,
998 4552 1060 4599 quae
1072 4545 1197 4601 postrema
1203 4541 1267 4589 ratio
