3242 5500
438 548 550 597 arasa
577 548 715 597 rnrnus
742 530 759 609 §
787 529 868 596 182.
1170 532 1214 601 77

98 721 277 817 Similique
303 721 339 791 in
365 743 509 814 genere,
537 714 715 815 [inferiore
727 716 884 815 ordine,]
909 721 938 791 si
951 721 1031 815 quis
1043 720 1139 816 apud
1152 745 1215 793 nos

97 833 255 904 servisset
296 856 339 902 ex
372 830 503 926 populo
538 830 733 917 foederato,
768 854 913 927 seseque
943 829 1146 917 liberasset,
1181 839 1216 903 et

96 950 213 1039 postea
246 942 391 1013 domum
419 940 626 1026 revenisset,
653 941 852 1036 quaesitum
876 947 929 1011 est
951 940 1046 1036 apud
1069 941 1217 1012 maiores

96 1059 252 1137 nostros,
285 1075 372 1137 num
397 1050 494 1122 ised
519 1075 599 1122 suos
629 1049 847 1146 postliminio
870 1050 1047 1135 rediisset,
1073 1058 1108 1121 et
1129 1050 1215 1121 ami·

97 1163 195 1234 sisset
220 1160 309 1232 hanc
329 1161 515 1232 civitatem.
544 1160 667 1236 Quid?
690 1160 736 1232 de
759 1158 938 1245 libertate,
964 1159 1216 1255 quoiudicium
1241 1187 1288 1234 raa

97 1270 232 1367 gravius
257 1294 332 1341 esse
356 1270 494 1342 nullum
519 1278 654 1365 potest,
685 1293 803 1340 nonne
828 1294 870 1340 ex
895 1269 971 1341 iure
993 1268 1085 1340 civili
1102 1277 1216 1364 potest

97 1404 167 1452 esse
185 1380 375 1465 contentio
398 1404 509 1476 quum
529 1379 725 1476 quaeritur,
747 1378 789 1463 is,
810 1379 872 1474 qui
890 1378 1024 1450 domini
1037 1378 1217 1450 voluntate

97 1514 217 1561 census
248 1490 313 1575 sit,
343 1489 575 1574 continuone,
609 1513 653 1560 an
680 1486 741 1560 ubi
767 1488 918 1559 lustrum
944 1488 989 1559 sit
1014 1487 1215 1573 conditum,

97 1598 180 1670 liber
200 1600 274 1671 sit?
324 1598 448 1674 Quid?
474 1598 569 1694 quod
593 1621 661 1669 usu
685 1598 852 1669 memoria
875 1606 1017 1693 patrum
1038 1597 1153 1683 venit,
1177 1605 1217 1669 ut

98 1708 359 1803 paterfamilias,
384 1708 446 1803 qui
469 1732 512 1779 ex
536 1706 711 1803 Hispania
735 1708 884 1778 Romam
907 1708 1080 1793 venisset,
1106 1732 1216 1803 quum

99 1842 235 1889 uxorem
270 1825 523 1914 praegnantem
556 1817 593 1889 in
618 1816 797 1913 provincia
821 1816 1041 1912 reliquisset,
1067 1816 1216 1888 Romae·

97 1952 160 2022 que
179 1927 325 1999 alteram
350 1927 528 2012 duxisset,
554 1950 669 2022 neque
693 1926 861 1997 nuntium
886 1926 993 2021 priori
1010 1926 1216 2012 remisisset,

97 2045 248 2109 mortuus
289 2044 379 2109 esset
413 2037 600 2123 intestato,
639 2043 672 2107 et
713 2060 756 2107 ex
799 2042 947 2129 utraque
983 2035 1077 2106 filius
1113 2043 1217 2108 natus

97 2155 199 2232 esset,
234 2146 467 2218 mediocrisne
502 2170 557 2218 res
592 2146 629 2217 in
660 2144 929 2217 controversiam
964 2144 1115 2217 adducta
1139 2153 1214 2233 est,

97 2280 199 2350 quum
234 2264 459 2351 quaereretur
493 2256 537 2327 de
562 2254 699 2327 duobus
724 2254 854 2326 civium
878 2252 1076 2349 capitibus,
1112 2254 1215 2325 etde

95 2389 216 2459 puero,
242 2365 306 2461 qui
331 2390 374 2436 ex
398 2366 589 2461 posteriore
614 2372 717 2457 natus
743 2372 833 2450 erat,
856 2371 892 2435 et
915 2362 958 2434 de
983 2363 1058 2434 eius
1082 2364 1215 2434 matre?

96 2498 193 2569 quae,
217 2476 246 2547 si
273 2474 489 2547 iudicaretur
514 2475 616 2546 certis
642 2472 854 2569 quibusdam
875 2471 1009 2558 verbis,
1035 2497 1106 2546 non
1119 2472 1218 2544 novis

98 2585 222 2682 nuptiis
255 2584 331 2656 fieri
364 2610 445 2656 oum
479 2583 897 2680 superiore'divortium,
935 2581 973 2653 in
1002 2580 1218 2654 concubinae

95 2692 201 2766 locum
233 2694 432 2768 duceretur.
485 2692 584 2768 Haec
618 2694 729 2790 igitur
758 2700 792 2766 et
824 2692 949 2765 horum
983 2692 1111 2764 similia
1142 2692 1218 2764 iura
1245 2728 1292 2775 134,

92 3019 156 3077 sacti
175 3022 270 3069 crimen
290 3021 395 3079 dicitur,
423 3028 448 3070 et
469 3022 538 3071 coel.
559 3027 571 3081 ξ
593 3024 624 3071 65
674 3021 821 3077 observant,
835 3011 894 3070 'non
915 3018 1063 3069 dubitabunt
1076 3035 1211 3084 agnoscere

94 3101 187 3146 maaimi
194 3100 325 3161 facinoris
338 3101 445 3148 crimea.-
461 3106 498 3159 et,
513 3105 624 3162 utquum
673 3099 721 3147 illis
742 3098 844 3148 sublatis
863 3100 989 3161 aliquanto
1003 3099 1091 3148 melius
1104 3100 1140 3148 sie
1153 3115 1210 3149 eum

94 3177 185 3225 aliunde
198 3183 308 3236 constat,
321 3183 376 3226 tum
390 3194 420 3227 ex
434 3181 469 3229 11.
479 3185 491 3238 ξ
501 3181 558 3238 105,
573 3195 624 3228 ιιοιι
672 3191 791 3240 pergere,
805 3178 928 3240 similique
940 3179 967 3225 in
978 3191 1068 3238 ponere
1079 3205 1120 3225 —.

94 3256 192 3315 crinea,
205 3258 250 3306 sed
258 3258 376 3319 sactum,
390 3257 623 3318 quodobiioiturc'a·
708 3256 843 3318 [inferiore
862 3256 971 3317 ordine}
1005 3257 1096 3305 Merito
1116 3248 1229 3319 Kayse-'

89 3333 201 3393 fiticatur
222 3341 247 3384 et
270 3339 361 3400 ncyaat
372 3336 423 3393 rei,
438 3341 463 3384 et
476 3351 623 3398 quamquam
672 3349 714 3382 rus
735 3333 797 3382 haec
814 3335 914 3383 insititia
927 3348 980 3382 esse
993 3334 1098 3384 iudicat:
1113 3350 1145 3383 nc
1159 3337 1209 3383 La-

94 3425 173 3458 couaac
185 3414 301 3462 dicuntur
316 3428 369 3462 esse
382 3416 528 3472 criminum,
546 3416 572 3463 in
586 3415 623 3462 his
672 3413 752 3461 tinum
773 3413 873 3474 quidem
893 3417 944 3469 est,
966 3412 1082 3473 quoniam
1099 3414 1209 3461 eiusdem

94 3497 167 3538 tamen
186 3507 237 3540 non
258 3492 385 3552 nisifacti
399 3494 564 3541 controversia
578 3498 623 3542 est.
673 3491 769 3554 generis
782 3506 832 3540 non
846 3492 1031 3553 distinguuntur
1045 3492 1151 3538 ordiner.

95 3568 225 3628 Postremo,
244 3571 347 3618 defendi
361 3571 622 3632 nonposseexistimo,
709 3570 763 3616 183.
782 3568 848 3630 quod
863 3583 909 3616 aru
926 3569 1042 3616 mcnzoric
1051 3570 1156 3629 potrum
1169 3585 1208 3618 ae-

95 3647 153 3705 quod
172 3648 259 3698 dicitnr
282 3664 356 3697 causa
375 3651 401 3697 tn
418 3651 474 3697 turc
487 3650 552 3698 civili
566 3663 622 3698 con·
672 3649 726 3706 uit,
741 3649 771 3694 at
779 3647 968 3708 paterfamiliae
980 3674 1014 3682 -
1027 3650 1209 3695 mortuaecaact

93 3725 186 3774 aalma:
201 3733 226 3776 et
237 3733 342 3790 apparet
356 3728 382 3775 in
396 3729 464 3776 Orat.
477 3742 521 3789 pro
529 3727 622 3786 Quinc·
672 3726 797 3773 intestato.
833 3725 888 3782 Sic,
906 3730 934 3773 nt
947 3739 1117 3782 correxeram,
1132 3726 1209 3774 edidit

94 3801 124 3849 tio
144 3808 154 3861 5
175 3806 206 3852 32
223 3820 324 3854 caucam
336 3810 414 3854 totam
428 3806 477 3854 dici
490 3807 623 3853 concinere
672 3803 808 3864 Kayserus,
830 3818 907 3864 quum
927 3817 1013 3851 omnes
1030 3802 1087 3851 libri
1101 3802 1209 3853 babeant

94 3878 115 3926 in
128 3880 188 3930 tacto
205 3885 269 3932 etin
283 3890 349 3933 statu
362 3899 460 3940 rerum,
482 3883 582 3932 omnino
596 3884 621 3931 in
671 3883 831 3942 mortuusque
851 3884 928 3938 cccci,
949 3882 1059 3945 iugulata
1072 3883 1208 3931 sententiae

94 3969 131 4014 eo,
158 3963 220 4020 quod
245 3965 287 4025 (ut
314 3963 423 4023 loquitur
443 3962 564 4012 Antonius
585 3963 620 4010 11.
671 3961 869 4017 constructione,
884 3960 1012 4021 quoniam,
1028 3961 1095 4021 quod
1108 3976 1154 4010 cau
1168 3977 1207 4011 oc-

95 4036 182 4102 aloa)
196 4040 383 4100 caucamfacit:
399 4041 536 4102 eodemque
547 4041 621 4089 modo
671 4039 845 4095 nocebatur,
861 4039 913 4088 sine
927 4039 1094 4087 controversia
1107 4040 1156 4088 hoc
1169 4040 1207 4102 ip-

94 4113 621 4180 loquiturFat.§8:diversumqneest,quod
670 4130 724 4164 sum
745 4120 811 4172 erat,
832 4117 903 4164 illum
923 4117 1124 4178 patremfamilias
1144 4120 1209 4168 iate·

93 4189 163 4252 infra,
184 4199 196 4253 §
216 4199 280 4254 238,
300 4211 386 4245 caueae
401 4199 428 4245 in
444 4199 500 4246 iure
509 4199 620 4259 positar,
669 4195 736 4242 stato
749 4197 873 4242 mortuum
886 4209 949 4252 crac,
971 4210 1002 4244 er
1015 4201 1118 4257 utraque
1132 4212 1209 4246 uxore

93 4275 115 4316 et
126 4274 188 4331 quod
201 4289 261 4322 mox
274 4275 372 4335 dieitur,
387 4281 399 4335 ξ
417 4277 472 4333 183,
486 4275 620 4324 caturcet-
670 4275 721 4321 filio
733 4273 832 4322 relicto:
846 4279 903 4334 post
917 4289 991 4335 quam
1004 4276 1113 4336 protasia
1125 4276 1206 4337 sequi-

93 4347 195 4398 vilicare
215 4355 403 4402 contentionem.
438 4355 483 4404 His
497 4353 528 4402 de
542 4353 621 4402 causis
669 4357 710 4400 tur
723 4351 785 4400 haec
799 4352 927 4414 apodosis,
941 4354 1102 4400 mediocrine
1114 4380 1155 4400 -.
1207 4391 1211 4398 .

92 4429 162 4476 totum
182 4431 250 4479 hunc
271 4433 355 4481 locum
369 4447 384 4480 a
396 4434 461 4482 male
475 4433 562 4480 sedulo
576 4446 619 4478 an·
704 4431 760 4478 184.
775 4443 855 4490 prope
869 4432 965 4479 cuncti-r
977 4432 1068 4480 civim
1079 4434 1156 4479 lucem
1168 4433 1207 4478 ia-

92 4512 193 4556 notatore
205 4510 515 4572 insertumessesuspieor:
530 4510 620 4572 quique
667 4508 733 4571 yenit
747 4509 773 4556 et
787 4511 884 4560 currilia·
895 4511 935 4557 aaa·
944 4510 1123 4571 porriqeatem.
1141 4513 1206 4558 Hae·

92 4584 198 4635 orationis
211 4587 258 4636 iter
273 4589 299 4636 in
315 4589 361 4637 hae
369 4590 449 4638 Crassi
456 4588 621 4650 disputatione
669 4601 712 4635 reo
726 4587 751 4633 in
766 4602 810 4643 eo,
826 4588 908 4648 quod,
923 4588 1042 4648 primum,
1060 4590 1104 4634 lac
1118 4589 1209 4651 capena
