<?xml version="1.0" encoding="UTF-8"?>
<!DOCTYPE html PUBLIC "-//W3C//DTD XHTML 1.0 Transitional//EN"
    "http://www.w3.org/TR/xhtml1/DTD/xhtml1-transitional.dtd">
<html xmlns="http://www.w3.org/1999/xhtml" xml:lang="en" lang="en">
 <head>
  <title>
</title>
<meta http-equiv="Content-Type" content="text/html;charset=utf-8" />
  <meta name='ocr-system' content='tesseract 3.04.00' />
  <meta name='ocr-capabilities' content='ocr_page ocr_carea ocr_par ocr_line ocrx_word'/>
</head>
<body>
  <div class='ocr_page' id='page_1' title='image "./mtulliiciceroni01bakegoog_0405.png"; bbox 0 0 3242 5500; ppageno 0'>
   <div class='ocr_carea' id='block_1_1' title="bbox 320 1554 1033 1638">
    <p class='ocr_par' dir='ltr' id='par_1_1' title="bbox 320 1554 1033 1638">
     <span class='ocr_line' id='line_1_1' title="bbox 320 1554 1033 1638; baseline -0.001 -2"><span class='ocrx_word' id='word_1_1' title='bbox 320 1559 559 1636; x_wconf 86' lang='lat' dir='ltr'><strong>ADDENDA</strong></span> <span class='ocrx_word' id='word_1_2' title='bbox 595 1559 659 1634; x_wconf 87' lang='lat' dir='ltr'>ET</span> <span class='ocrx_word' id='word_1_3' title='bbox 700 1554 1033 1638; x_wconf 83' lang='lat' dir='ltr'><strong>CORRIGENDA.</strong></span> 
     </span>
    </p>
   </div>
   <div class='ocr_carea' id='block_1_2' title="bbox 612 1810 729 1817">
    <p class='ocr_par' dir='ltr' id='par_1_2' title="bbox 612 1810 729 1817">
     <span class='ocr_line' id='line_1_2' title="bbox 612 1810 729 1817; baseline -0.017 0"><span class='ocrx_word' id='word_1_4' title='bbox 612 1810 729 1817; x_wconf 57' lang='grc' dir='ltr'>..ι-*-</span> 
     </span>
    </p>
   </div>
   <div class='ocr_carea' id='block_1_3' title="bbox 110 2005 1268 4729">
    <p class='ocr_par' dir='ltr' id='par_1_3' title="bbox 122 2005 1233 2460">
     <span class='ocr_line' id='line_1_3' title="bbox 122 2005 1231 2071; baseline 0.003 -14"><span class='ocrx_word' id='word_1_5' title='bbox 122 2012 139 2058; x_wconf 93' lang='grc'>1.</span> <span class='ocrx_word' id='word_1_6' title='bbox 156 2016 168 2068; x_wconf 98' lang='lat'><strong>5</strong></span> <span class='ocrx_word' id='word_1_7' title='bbox 184 2013 207 2058; x_wconf 85' lang='lat'>2.</span> <span class='ocrx_word' id='word_1_8' title='bbox 247 2008 320 2067; x_wconf 82' lang='lat' dir='ltr'>Quod</span> <span class='ocrx_word' id='word_1_9' title='bbox 334 2008 365 2056; x_wconf 90' lang='lat' dir='ltr'>de</span> <span class='ocrx_word' id='word_1_10' title='bbox 378 2021 425 2056; x_wconf 88' lang='lat' dir='ltr'>usu</span> <span class='ocrx_word' id='word_1_11' title='bbox 438 2006 588 2069; x_wconf 84' lang='lat' dir='ltr'>Superlat-ivi</span> <span class='ocrx_word' id='word_1_12' title='bbox 601 2005 781 2071; x_wconf 74' lang='lat' dir='ltr'>(plenissimus)</span> <span class='ocrx_word' id='word_1_13' title='bbox 795 2006 859 2064; x_wconf 84' lang='lat' dir='ltr'>dixi,</span> <span class='ocrx_word' id='word_1_14' title='bbox 877 2012 978 2055; x_wconf 84' lang='lat' dir='ltr'>revocat</span> <span class='ocrx_word' id='word_1_15' title='bbox 988 2007 1080 2056; x_wconf 89' lang='lat' dir='ltr'>mihiin</span> <span class='ocrx_word' id='word_1_16' title='bbox 1088 2011 1231 2060; x_wconf 89' lang='lat' dir='ltr'>memoriam</span> 
     </span>
     <span class='ocr_line' id='line_1_4' title="bbox 244 2085 1231 2149; baseline 0.002 -15"><span class='ocrx_word' id='word_1_17' title='bbox 244 2087 318 2134; x_wconf 88' lang='lat' dir='ltr'>alium</span> <span class='ocrx_word' id='word_1_18' title='bbox 333 2086 529 2147; x_wconf 87' lang='lat' dir='ltr'>Superlativum,</span> <span class='ocrx_word' id='word_1_19' title='bbox 543 2086 753 2146; x_wconf 66' lang='lat' dir='ltr'>perfidissimus,</span> <span class='ocrx_word' id='word_1_20' title='bbox 772 2085 803 2132; x_wconf 88' lang='lat' dir='ltr'>de</span> <span class='ocrx_word' id='word_1_21' title='bbox 818 2100 867 2147; x_wconf 92' lang='lat' dir='ltr'>quo</span> <span class='ocrx_word' id='word_1_22' title='bbox 875 2086 956 2133; x_wconf 88' lang='lat' dir='ltr'>notavi</span> <span class='ocrx_word' id='word_1_23' title='bbox 965 2086 996 2132; x_wconf 90' lang='lat' dir='ltr'>ad</span> <span class='ocrx_word' id='word_1_24' title='bbox 1005 2086 1072 2134; x_wconf 86' lang='lat' dir='ltr'>Orat.</span> <span class='ocrx_word' id='word_1_25' title='bbox 1083 2092 1094 2145; x_wconf 86' lang='lat'><strong>5</strong></span> <span class='ocrx_word' id='word_1_26' title='bbox 1105 2089 1133 2135; x_wconf 82' lang='lat'>3:</span> <span class='ocrx_word' id='word_1_27' title='bbox 1153 2091 1231 2149; x_wconf 92' lang='lat' dir='ltr'>quod-</span> 
     </span>
     <span class='ocr_line' id='line_1_5' title="bbox 242 2163 1232 2228; baseline 0.004 -16"><span class='ocrx_word' id='word_1_28' title='bbox 242 2181 290 2228; x_wconf 87' lang='lat' dir='ltr'>que</span> <span class='ocrx_word' id='word_1_29' title='bbox 309 2165 363 2212; x_wconf 89' lang='lat' dir='ltr'>istic</span> <span class='ocrx_word' id='word_1_30' title='bbox 384 2163 524 2212; x_wconf 81' lang='lat' dir='ltr'>Positivuni</span> <span class='ocrx_word' id='word_1_31' title='bbox 540 2163 724 2221; x_wconf 90' lang='lat' dir='ltr'>commendavi,</span> <span class='ocrx_word' id='word_1_32' title='bbox 742 2165 854 2211; x_wconf 88' lang='lat' dir='ltr'>firmatur</span> <span class='ocrx_word' id='word_1_33' title='bbox 875 2164 922 2210; x_wconf 90' lang='lat' dir='ltr'>hoc</span> <span class='ocrx_word' id='word_1_34' title='bbox 936 2165 1051 2225; x_wconf 87' lang='lat' dir='ltr'>exemplo</span> <span class='ocrx_word' id='word_1_35' title='bbox 1065 2167 1127 2228; x_wconf 92' lang='lat' dir='ltr'>Leg.</span> <span class='ocrx_word' id='word_1_36' title='bbox 1143 2168 1232 2217; x_wconf 84' lang='lat' dir='ltr'>Manil.</span> 
     </span>
     <span class='ocr_line' id='line_1_6' title="bbox 247 2241 1233 2305; baseline 0.003 -15"><span class='ocrx_word' id='word_1_37' title='bbox 247 2249 259 2302; x_wconf 90' lang='lat'><strong>5</strong></span> <span class='ocrx_word' id='word_1_38' title='bbox 280 2245 327 2301; x_wconf 85' lang='grc'>36,</span> <span class='ocrx_word' id='word_1_39' title='bbox 346 2241 388 2290; x_wconf 89' lang='lat' dir='ltr'>ubi</span> <span class='ocrx_word' id='word_1_40' title='bbox 401 2243 488 2290; x_wconf 85' lang='lat' dir='ltr'>eadem</span> <span class='ocrx_word' id='word_1_41' title='bbox 502 2242 632 2291; x_wconf 84' lang='lat' dir='ltr'>Adiectiva</span> <span class='ocrx_word' id='word_1_42' title='bbox 644 2242 795 2305; x_wconf 90' lang='lat' dir='ltr'>iunguntur,</span> <span class='ocrx_word' id='word_1_43' title='bbox 813 2256 921 2290; x_wconf 73' lang='lat' dir='ltr'>summus</span> <span class='ocrx_word' id='word_1_44' title='bbox 942 2245 1017 2304; x_wconf 79' lang='lat' dir='ltr'>atque</span> <span class='ocrx_word' id='word_1_45' title='bbox 1026 2243 1166 2303; x_wconf 70' lang='lat' dir='ltr'>perfectus.</span> <span class='ocrx_word' id='word_1_46' title='bbox 1203 2248 1233 2293; x_wconf 94' lang='lat' dir='ltr'>ln</span> 
     </span>
     <span class='ocr_line' id='line_1_7' title="bbox 242 2319 1232 2381; baseline 0.003 -12"><span class='ocrx_word' id='word_1_47' title='bbox 242 2323 327 2379; x_wconf 88' lang='lat' dir='ltr'>Bruto,</span> <span class='ocrx_word' id='word_1_48' title='bbox 343 2325 355 2378; x_wconf 84' lang='lat'><strong>5</strong></span> <span class='ocrx_word' id='word_1_49' title='bbox 369 2321 411 2368; x_wconf 83' lang='lat'>35.</span> <span class='ocrx_word' id='word_1_50' title='bbox 425 2334 471 2381; x_wconf 91' lang='lat' dir='ltr'>pro</span> <span class='ocrx_word' id='word_1_51' title='bbox 485 2319 641 2381; x_wconf 87' lang='lat' dir='ltr'>Superlativo</span> <span class='ocrx_word' id='word_1_52' title='bbox 655 2321 756 2381; x_wconf 88' lang='lat' dir='ltr'>ponitur</span> <span class='ocrx_word' id='word_1_53' title='bbox 765 2323 842 2381; x_wconf 78' lang='lat' dir='ltr'>plane</span> <span class='ocrx_word' id='word_1_54' title='bbox 851 2319 996 2380; x_wconf 80' lang='lat' dir='ltr'>perfectus:</span> <span class='ocrx_word' id='word_1_55' title='bbox 1014 2326 1067 2369; x_wconf 88' lang='lat' dir='ltr'>tum</span> <span class='ocrx_word' id='word_1_56' title='bbox 1082 2323 1113 2370; x_wconf 94' lang='lat' dir='ltr'>de</span> <span class='ocrx_word' id='word_1_57' title='bbox 1127 2323 1196 2372; x_wconf 86' lang='lat' dir='ltr'>Orat.</span> <span class='ocrx_word' id='word_1_58' title='bbox 1210 2325 1232 2372; x_wconf 92' lang='grc'>1.</span> 
     </span>
     <span class='ocr_line' id='line_1_8' title="bbox 242 2399 645 2460; baseline -0.002 -12"><span class='ocrx_word' id='word_1_59' title='bbox 242 2405 254 2458; x_wconf 93' lang='lat'><strong>5</strong></span> <span class='ocrx_word' id='word_1_60' title='bbox 270 2402 309 2448; x_wconf 81' lang='lat'>59.</span> <span class='ocrx_word' id='word_1_61' title='bbox 317 2402 408 2459; x_wconf 78' lang='lat' dir='ltr'>plenae</span> <span class='ocrx_word' id='word_1_62' title='bbox 421 2402 495 2460; x_wconf 79' lang='lat' dir='ltr'>atque</span> <span class='ocrx_word' id='word_1_63' title='bbox 504 2399 645 2460; x_wconf 72' lang='lat' dir='ltr'>perfectus.</span> 
     </span>
    </p>

    <p class='ocr_par' dir='ltr' id='par_1_4' title="bbox 129 2476 1234 2856">
     <span class='ocr_line' id='line_1_9' title="bbox 129 2476 1231 2537; baseline 0.005 -13"><span class='ocrx_word' id='word_1_64' title='bbox 129 2515 134 2524; x_wconf 92' lang='lat'><em>.</em></span> <span class='ocrx_word' id='word_1_65' title='bbox 199 2514 205 2526; x_wconf 94' lang='lat'><em>.</em></span> <span class='ocrx_word' id='word_1_66' title='bbox 245 2478 532 2527; x_wconf 68' lang='lat' dir='ltr'>emeturevenrmus.</span> <span class='ocrx_word' id='word_1_67' title='bbox 549 2505 583 2513; x_wconf 85' lang='lat'>—-</span> <span class='ocrx_word' id='word_1_68' title='bbox 599 2480 635 2526; x_wconf 85' lang='lat' dir='ltr'>lix</span> <span class='ocrx_word' id='word_1_69' title='bbox 650 2476 781 2534; x_wconf 91' lang='lat' dir='ltr'>hocloco,</span> <span class='ocrx_word' id='word_1_70' title='bbox 800 2483 869 2526; x_wconf 82' lang='lat' dir='ltr'>etex</span> <span class='ocrx_word' id='word_1_71' title='bbox 884 2479 932 2526; x_wconf 93' lang='grc' dir='ltr'>Ι1Ι.</span> <span class='ocrx_word' id='word_1_72' title='bbox 949 2483 961 2536; x_wconf 87' lang='lat'><strong>5</strong></span> <span class='ocrx_word' id='word_1_73' title='bbox 977 2478 1231 2537; x_wconf 77' lang='lat' dir='ltr'>7.,osallacemcet.</span> 
     </span>
     <span class='ocr_line' id='line_1_10' title="bbox 243 2556 1234 2618; baseline 0.002 -14"><span class='ocrx_word' id='word_1_74' title='bbox 243 2558 292 2604; x_wconf 92' lang='lat' dir='ltr'>duo</span> <span class='ocrx_word' id='word_1_75' title='bbox 303 2570 390 2604; x_wconf 82' lang='lat' dir='ltr'>versus</span> <span class='ocrx_word' id='word_1_76' title='bbox 403 2557 497 2606; x_wconf 84' lang='lat' dir='ltr'>effinxit</span> <span class='ocrx_word' id='word_1_77' title='bbox 510 2561 584 2617; x_wconf 83' lang='lat' dir='ltr'>poeta</span> <span class='ocrx_word' id='word_1_78' title='bbox 597 2557 780 2618; x_wconf 77' lang='lat' dir='ltr'>epigrammatis</span> <span class='ocrx_word' id='word_1_79' title='bbox 794 2557 820 2604; x_wconf 90' lang='lat' dir='ltr'>in</span> <span class='ocrx_word' id='word_1_80' title='bbox 834 2556 936 2605; x_wconf 84' lang='lat' dir='ltr'>Antbol.</span> <span class='ocrx_word' id='word_1_81' title='bbox 951 2557 1006 2604; x_wconf 87' lang='lat' dir='ltr'>Lat.</span> <span class='ocrx_word' id='word_1_82' title='bbox 1022 2559 1050 2604; x_wconf 88' lang='lat' dir='ltr'>T.</span> <span class='ocrx_word' id='word_1_83' title='bbox 1064 2558 1085 2604; x_wconf 90' lang='lat' dir='ltr'>I.</span> <span class='ocrx_word' id='word_1_84' title='bbox 1098 2572 1124 2618; x_wconf 93' lang='lat' dir='ltr'>p.</span> <span class='ocrx_word' id='word_1_85' title='bbox 1139 2559 1197 2616; x_wconf 82' lang='lat'>301,</span> <span class='ocrx_word' id='word_1_86' title='bbox 1213 2559 1234 2606; x_wconf 89' lang='lat' dir='ltr'>si</span> 
     </span>
     <span class='ocr_line' id='line_1_11' title="bbox 241 2634 1232 2697; baseline 0.003 -15"><span class='ocrx_word' id='word_1_87' title='bbox 241 2635 360 2683; x_wconf 89' lang='lat' dir='ltr'>iudicium</span> <span class='ocrx_word' id='word_1_88' title='bbox 381 2635 507 2696; x_wconf 78' lang='lat' dir='ltr'>sequimur</span> <span class='ocrx_word' id='word_1_89' title='bbox 527 2634 669 2684; x_wconf 85' lang='lat' dir='ltr'>Ruhnkenii</span> <span class='ocrx_word' id='word_1_90' title='bbox 682 2635 714 2682; x_wconf 82' lang='lat' dir='ltr'>ad</span> <span class='ocrx_word' id='word_1_91' title='bbox 727 2636 793 2683; x_wconf 89' lang='lat' dir='ltr'>Vell.</span> <span class='ocrx_word' id='word_1_92' title='bbox 809 2637 905 2683; x_wconf 87' lang='lat' dir='ltr'>Patere.</span> <span class='ocrx_word' id='word_1_93' title='bbox 921 2635 956 2682; x_wconf 92' lang='lat' dir='ltr'>ll.</span> <span class='ocrx_word' id='word_1_94' title='bbox 974 2637 1012 2682; x_wconf 80' lang='lat'>18.</span> <span class='ocrx_word' id='word_1_95' title='bbox 1028 2637 1059 2693; x_wconf 77' lang='lat'>33</span> <span class='ocrx_word' id='word_1_96' title='bbox 1078 2637 1119 2697; x_wconf 91' lang='lat' dir='ltr'>qul</span> <span class='ocrx_word' id='word_1_97' title='bbox 1132 2641 1232 2696; x_wconf 83' lang='lat' dir='ltr'>tamen,</span> 
     </span>
     <span class='ocr_line' id='line_1_12' title="bbox 241 2712 1231 2778; baseline 0.001 -16"><span class='ocrx_word' id='word_1_98' title='bbox 241 2727 303 2777; x_wconf 88' lang='lat' dir='ltr'>pace</span> <span class='ocrx_word' id='word_1_99' title='bbox 321 2713 367 2762; x_wconf 86' lang='lat' dir='ltr'>viri</span> <span class='ocrx_word' id='word_1_100' title='bbox 387 2712 587 2775; x_wconf 84' lang='lat' dir='ltr'>incomparabilis</span> <span class='ocrx_word' id='word_1_101' title='bbox 601 2713 697 2773; x_wconf 86' lang='lat' dir='ltr'>dicam,</span> <span class='ocrx_word' id='word_1_102' title='bbox 715 2713 818 2762; x_wconf 90' lang='lat' dir='ltr'>nimium</span> <span class='ocrx_word' id='word_1_103' title='bbox 832 2714 990 2778; x_wconf 81' lang='lat' dir='ltr'>progreditur</span> <span class='ocrx_word' id='word_1_104' title='bbox 1004 2714 1028 2762; x_wconf 90' lang='lat' dir='ltr'>in</span> <span class='ocrx_word' id='word_1_105' title='bbox 1045 2714 1164 2764; x_wconf 88' lang='lat' dir='ltr'>eiusmodi</span> <span class='ocrx_word' id='word_1_106' title='bbox 1177 2716 1231 2765; x_wconf 87' lang='lat' dir='ltr'>imi-</span> 
     </span>
     <span class='ocr_line' id='line_1_13' title="bbox 241 2792 849 2856; baseline 0 -14"><span class='ocrx_word' id='word_1_107' title='bbox 241 2794 362 2842; x_wconf 87' lang='lat' dir='ltr'>tationum</span> <span class='ocrx_word' id='word_1_108' title='bbox 374 2792 551 2856; x_wconf 80' lang='lat' dir='ltr'>propaginibus</span> <span class='ocrx_word' id='word_1_109' title='bbox 565 2794 771 2842; x_wconf 78' lang='lat' dir='ltr'>demonstrandis.</span> <span class='ocrx_word' id='word_1_110' title='bbox 846 2806 849 2812; x_wconf 86' lang='lat'>·</span> 
     </span>
    </p>

    <p class='ocr_par' dir='ltr' id='par_1_5' title="bbox 115 2870 1233 3013">
     <span class='ocr_line' id='line_1_14' title="bbox 115 2870 1233 2936; baseline 0.003 -18"><span class='ocrx_word' id='word_1_111' title='bbox 115 2872 133 2920; x_wconf 91' lang='lat' dir='ltr'>l.</span> <span class='ocrx_word' id='word_1_112' title='bbox 150 2878 162 2931; x_wconf 84' lang='lat'><strong>5</strong></span> <span class='ocrx_word' id='word_1_113' title='bbox 181 2873 221 2921; x_wconf 88' lang='grc'>13.</span> <span class='ocrx_word' id='word_1_114' title='bbox 245 2872 398 2933; x_wconf 78' lang='lat' dir='ltr'>eloquentiae</span> <span class='ocrx_word' id='word_1_115' title='bbox 405 2872 525 2932; x_wconf 78' lang='lat' dir='ltr'>princepe</span> <span class='ocrx_word' id='word_1_116' title='bbox 538 2872 558 2919; x_wconf 89' lang='lat' dir='ltr'>si</span> <span class='ocrx_word' id='word_1_117' title='bbox 571 2876 639 2920; x_wconf 87' lang='lat' dir='ltr'>recte</span> <span class='ocrx_word' id='word_1_118' title='bbox 653 2871 796 2929; x_wconf 89' lang='lat' dir='ltr'>damnatur,</span> <span class='ocrx_word' id='word_1_119' title='bbox 810 2870 923 2919; x_wconf 86' lang='lat' dir='ltr'>dubitare</span> <span class='ocrx_word' id='word_1_120' title='bbox 937 2870 1020 2922; x_wconf 78' lang='lat' dir='ltr'>licebit</span> <span class='ocrx_word' id='word_1_121' title='bbox 1034 2874 1065 2921; x_wconf 85' lang='lat' dir='ltr'>de</span> <span class='ocrx_word' id='word_1_122' title='bbox 1079 2889 1108 2923; x_wconf 91' lang='lat' dir='ltr'>eo</span> <span class='ocrx_word' id='word_1_123' title='bbox 1123 2889 1233 2936; x_wconf 88' lang='lat' dir='ltr'>quoque,</span> 
     </span>
     <span class='ocr_line' id='line_1_15' title="bbox 241 2950 1133 3013; baseline 0.003 -16"><span class='ocrx_word' id='word_1_124' title='bbox 241 2965 317 3011; x_wconf 91' lang='lat' dir='ltr'>quum</span> <span class='ocrx_word' id='word_1_125' title='bbox 331 2952 404 2998; x_wconf 82' lang='lat' dir='ltr'>Tuae.</span> <span class='ocrx_word' id='word_1_126' title='bbox 417 2951 448 2997; x_wconf 85' lang='lat' dir='ltr'>V.</span> <span class='ocrx_word' id='word_1_127' title='bbox 465 2954 476 3008; x_wconf 91' lang='lat'><strong>5</strong></span> <span class='ocrx_word' id='word_1_128' title='bbox 489 2951 530 2999; x_wconf 81' lang='lat'>47.</span> <span class='ocrx_word' id='word_1_129' title='bbox 551 2950 663 2998; x_wconf 85' lang='lat' dir='ltr'>Socrates</span> <span class='ocrx_word' id='word_1_130' title='bbox 677 2950 767 2999; x_wconf 91' lang='lat' dir='ltr'>dicitur</span> <span class='ocrx_word' id='word_1_131' title='bbox 775 2950 894 3010; x_wconf 81' lang='lat' dir='ltr'>princepe</span> <span class='ocrx_word' id='word_1_132' title='bbox 906 2950 949 2998; x_wconf 86' lang='lat' dir='ltr'>illc</span> <span class='ocrx_word' id='word_1_133' title='bbox 957 2952 1133 3013; x_wconf 73' lang='lat' dir='ltr'>philosophiae.</span> 
     </span>
    </p>

    <p class='ocr_par' dir='ltr' id='par_1_6' title="bbox 113 3025 1234 3405">
     <span class='ocr_line' id='line_1_16' title="bbox 113 3025 1234 3093; baseline 0.003 -16"><span class='ocrx_word' id='word_1_134' title='bbox 113 3032 130 3077; x_wconf 92' lang='grc'>1.</span> <span class='ocrx_word' id='word_1_135' title='bbox 148 3036 160 3089; x_wconf 94' lang='lat'><strong>5</strong></span> <span class='ocrx_word' id='word_1_136' title='bbox 182 3033 221 3078; x_wconf 82' lang='lat' dir='ltr'>lb.</span> <span class='ocrx_word' id='word_1_137' title='bbox 245 3028 296 3077; x_wconf 91' lang='lat' dir='ltr'>Ubi</span> <span class='ocrx_word' id='word_1_138' title='bbox 316 3029 409 3077; x_wconf 89' lang='lat' dir='ltr'>editum</span> <span class='ocrx_word' id='word_1_139' title='bbox 430 3034 482 3085; x_wconf 86' lang='lat' dir='ltr'>est,</span> <span class='ocrx_word' id='word_1_140' title='bbox 500 3029 543 3090; x_wconf 83' lang='lat' dir='ltr'>qui</span> <span class='ocrx_word' id='word_1_141' title='bbox 563 3027 635 3092; x_wconf 78' lang='lat' dir='ltr'>(aeus</span> <span class='ocrx_word' id='word_1_142' title='bbox 653 3025 784 3091; x_wconf 75' lang='lat' dir='ltr'>frequens)</span> <span class='ocrx_word' id='word_1_143' title='bbox 796 3030 903 3076; x_wconf 81' lang='lat' dir='ltr'>omnium</span> <span class='ocrx_word' id='word_1_144' title='bbox 915 3031 1089 3093; x_wconf 72' lang='lat' dir='ltr'>magistrorum</span> <span class='ocrx_word' id='word_1_145' title='bbox 1098 3035 1234 3093; x_wconf 77' lang='lat' dir='ltr'>praecepta</span> 
     </span>
     <span class='ocr_line' id='line_1_17' title="bbox 240 3107 1233 3171; baseline 0.004 -16"><span class='ocrx_word' id='word_1_146' title='bbox 240 3111 385 3170; x_wconf 70' lang='lat' dir='ltr'>inperaret,</span> <span class='ocrx_word' id='word_1_147' title='bbox 400 3107 538 3155; x_wconf 84' lang='lat' dir='ltr'>necessario</span> <span class='ocrx_word' id='word_1_148' title='bbox 552 3107 725 3171; x_wconf 87' lang='lat' dir='ltr'>corrigendum</span> <span class='ocrx_word' id='word_1_149' title='bbox 740 3112 785 3167; x_wconf 86' lang='lat' dir='ltr'>est,</span> <span class='ocrx_word' id='word_1_150' title='bbox 799 3108 918 3168; x_wconf 78' lang='lat' dir='ltr'>ruperat,</span> <span class='ocrx_word' id='word_1_151' title='bbox 936 3108 1052 3169; x_wconf 84' lang='lat' dir='ltr'>quoniam</span> <span class='ocrx_word' id='word_1_152' title='bbox 1067 3110 1169 3158; x_wconf 88' lang='lat' dir='ltr'>concedi</span> <span class='ocrx_word' id='word_1_153' title='bbox 1182 3125 1233 3159; x_wconf 90' lang='lat' dir='ltr'>non</span> 
     </span>
     <span class='ocr_line' id='line_1_18' title="bbox 240 3186 1234 3250; baseline 0.002 -15"><span class='ocrx_word' id='word_1_154' title='bbox 240 3192 322 3249; x_wconf 90' lang='lat' dir='ltr'>potest</span> <span class='ocrx_word' id='word_1_155' title='bbox 342 3187 390 3235; x_wconf 91' lang='lat' dir='ltr'>hoc</span> <span class='ocrx_word' id='word_1_156' title='bbox 412 3187 519 3235; x_wconf 89' lang='lat' dir='ltr'>voluisse</span> <span class='ocrx_word' id='word_1_157' title='bbox 540 3187 702 3244; x_wconf 87' lang='lat' dir='ltr'>Ciceronem,</span> <span class='ocrx_word' id='word_1_158' title='bbox 726 3187 792 3248; x_wconf 85' lang='lat' dir='ltr'>ipsos</span> <span class='ocrx_word' id='word_1_159' title='bbox 812 3187 884 3245; x_wconf 86' lang='lat' dir='ltr'>illos,</span> <span class='ocrx_word' id='word_1_160' title='bbox 904 3186 1040 3248; x_wconf 88' lang='lat' dir='ltr'>dequibus</span> <span class='ocrx_word' id='word_1_161' title='bbox 1059 3190 1234 3250; x_wconf 85' lang='lat' dir='ltr'>loquitur,ita</span> 
     </span>
     <span class='ocr_line' id='line_1_19' title="bbox 240 3265 1233 3329; baseline 0.002 -18"><span class='ocrx_word' id='word_1_162' title='bbox 240 3266 370 3322; x_wconf 86' lang='lat' dir='ltr'>indicasse,</span> <span class='ocrx_word' id='word_1_163' title='bbox 384 3266 490 3326; x_wconf 89' lang='lat' dir='ltr'>ideoque</span> <span class='ocrx_word' id='word_1_164' title='bbox 504 3265 583 3313; x_wconf 89' lang='lat' dir='ltr'>causis</span> <span class='ocrx_word' id='word_1_165' title='bbox 597 3266 700 3328; x_wconf 86' lang='lat' dir='ltr'>agendis</span> <span class='ocrx_word' id='word_1_166' title='bbox 713 3280 815 3327; x_wconf 85' lang='lat' dir='ltr'>operam</span> <span class='ocrx_word' id='word_1_167' title='bbox 828 3266 933 3324; x_wconf 84' lang='lat' dir='ltr'>dedisse,</span> <span class='ocrx_word' id='word_1_168' title='bbox 948 3267 1016 3327; x_wconf 93' lang='lat' dir='ltr'>quod</span> <span class='ocrx_word' id='word_1_169' title='bbox 1023 3268 1233 3329; x_wconf 75' lang='lat' dir='ltr'>eoru-rapererel.</span> 
     </span>
     <span class='ocr_line' id='line_1_20' title="bbox 242 3343 1029 3405; baseline 0 -13"><span class='ocrx_word' id='word_1_170' title='bbox 242 3345 350 3401; x_wconf 81' lang='lat' dir='ltr'>Contra,</span> <span class='ocrx_word' id='word_1_171' title='bbox 368 3344 402 3391; x_wconf 90' lang='lat' dir='ltr'>ita</span> <span class='ocrx_word' id='word_1_172' title='bbox 415 3344 468 3405; x_wconf 89' lang='lat' dir='ltr'>ipse</span> <span class='ocrx_word' id='word_1_173' title='bbox 484 3343 571 3393; x_wconf 84' lang='lat' dir='ltr'>Cicero</span> <span class='ocrx_word' id='word_1_174' title='bbox 584 3344 736 3405; x_wconf 86' lang='lat' dir='ltr'>pronuntiat.</span> <span class='ocrx_word' id='word_1_175' title='bbox 1018 3344 1029 3359; x_wconf 58' lang='lat'><strong>⁸</strong></span> 
     </span>
    </p>

    <p class='ocr_par' dir='ltr' id='par_1_7' title="bbox 110 3421 1233 3627">
     <span class='ocr_line' id='line_1_21' title="bbox 110 3421 1232 3486; baseline 0 -16"><span class='ocrx_word' id='word_1_176' title='bbox 110 3424 130 3470; x_wconf 91' lang='lat' dir='ltr'>l.</span> <span class='ocrx_word' id='word_1_177' title='bbox 148 3428 160 3481; x_wconf 96' lang='lat'><strong>5</strong></span> <span class='ocrx_word' id='word_1_178' title='bbox 178 3424 220 3471; x_wconf 88' lang='grc'>21.</span> <span class='ocrx_word' id='word_1_179' title='bbox 244 3421 358 3471; x_wconf 81' lang='lat' dir='ltr'>Oratorie</span> <span class='ocrx_word' id='word_1_180' title='bbox 372 3423 408 3471; x_wconf 77' lang='lat' dir='ltr'>ris</span> <span class='ocrx_word' id='word_1_181' title='bbox 420 3436 506 3471; x_wconf 88' lang='lat' dir='ltr'>rursus</span> <span class='ocrx_word' id='word_1_182' title='bbox 520 3422 568 3471; x_wconf 86' lang='lat' dir='ltr'>alio</span> <span class='ocrx_word' id='word_1_183' title='bbox 583 3423 657 3471; x_wconf 93' lang='lat' dir='ltr'>modo</span> <span class='ocrx_word' id='word_1_184' title='bbox 670 3423 817 3486; x_wconf 87' lang='lat' dir='ltr'>intelligitur</span> <span class='ocrx_word' id='word_1_185' title='bbox 830 3422 908 3480; x_wconf 82' lang='lat' dir='ltr'>inire,</span> <span class='ocrx_word' id='word_1_186' title='bbox 924 3427 936 3480; x_wconf 90' lang='lat'><strong>5</strong></span> <span class='ocrx_word' id='word_1_187' title='bbox 953 3425 1009 3472; x_wconf 82' lang='lat'>142.</span> <span class='ocrx_word' id='word_1_188' title='bbox 1045 3425 1100 3471; x_wconf 74' lang='lat' dir='ltr'>Hoc</span> <span class='ocrx_word' id='word_1_189' title='bbox 1113 3427 1232 3485; x_wconf 89' lang='lat' dir='ltr'>opportu-</span> 
     </span>
     <span class='ocr_line' id='line_1_22' title="bbox 240 3500 1233 3563; baseline 0 -14"><span class='ocrx_word' id='word_1_190' title='bbox 240 3501 317 3549; x_wconf 85' lang='lat' dir='ltr'>nitate</span> <span class='ocrx_word' id='word_1_191' title='bbox 331 3500 499 3562; x_wconf 82' lang='lat' dir='ltr'>corrigamus,</span> <span class='ocrx_word' id='word_1_192' title='bbox 518 3502 640 3558; x_wconf 80' lang='lat' dir='ltr'>oralorie,</span> <span class='ocrx_word' id='word_1_193' title='bbox 658 3504 854 3563; x_wconf 72' lang='lat' dir='ltr'>proemiorum,</span> <span class='ocrx_word' id='word_1_194' title='bbox 872 3500 952 3560; x_wconf 83' lang='lat' dir='ltr'>inira,</span> <span class='ocrx_word' id='word_1_195' title='bbox 966 3506 978 3560; x_wconf 92' lang='lat'><strong>5</strong></span> <span class='ocrx_word' id='word_1_196' title='bbox 993 3502 1050 3550; x_wconf 89' lang='grc'><strong>263.</strong></span> <span class='ocrx_word' id='word_1_197' title='bbox 1066 3500 1132 3550; x_wconf 83' lang='lat' dir='ltr'>conf.</span> <span class='ocrx_word' id='word_1_198' title='bbox 1148 3507 1160 3560; x_wconf 90' lang='lat'><strong>5</strong></span> <span class='ocrx_word' id='word_1_199' title='bbox 1177 3503 1233 3549; x_wconf 87' lang='grc'>138.</span> 
     </span>
     <span class='ocr_line' id='line_1_23' title="bbox 244 3578 486 3627; baseline 0.004 -2"><span class='ocrx_word' id='word_1_200' title='bbox 244 3580 301 3627; x_wconf 78' lang='grc'>142.</span> <span class='ocrx_word' id='word_1_201' title='bbox 318 3578 374 3626; x_wconf 77' lang='grc'>193.</span> <span class='ocrx_word' id='word_1_202' title='bbox 389 3583 415 3627; x_wconf 88' lang='lat' dir='ltr'>et</span> <span class='ocrx_word' id='word_1_203' title='bbox 428 3580 486 3626; x_wconf 81' lang='lat'>214.</span> 
     </span>
    </p>

    <p class='ocr_par' dir='ltr' id='par_1_8' title="bbox 112 3657 1236 4035">
     <span class='ocr_line' id='line_1_24' title="bbox 112 3657 1234 3720; baseline 0 -15"><span class='ocrx_word' id='word_1_204' title='bbox 112 3659 131 3705; x_wconf 89' lang='lat'>1.</span> <span class='ocrx_word' id='word_1_205' title='bbox 150 3664 162 3717; x_wconf 94' lang='lat'><strong>5</strong></span> <span class='ocrx_word' id='word_1_206' title='bbox 179 3661 221 3707; x_wconf 85' lang='lat'>22.</span> <span class='ocrx_word' id='word_1_207' title='bbox 240 3673 293 3705; x_wconf 86' lang='lat' dir='ltr'>eam</span> <span class='ocrx_word' id='word_1_208' title='bbox 307 3660 409 3717; x_wconf 82' lang='lat' dir='ltr'>partem</span> <span class='ocrx_word' id='word_1_209' title='bbox 426 3657 537 3715; x_wconf 82' lang='lat' dir='ltr'>dicendi,</span> <span class='ocrx_word' id='word_1_210' title='bbox 563 3673 625 3720; x_wconf 76' lang='lat' dir='ltr'>quae</span> <span class='ocrx_word' id='word_1_211' title='bbox 644 3660 671 3707; x_wconf 81' lang='lat' dir='ltr'>ln</span> <span class='ocrx_word' id='word_1_212' title='bbox 691 3659 832 3717; x_wconf 68' lang='lat' dir='ltr'>formidas</span> <span class='ocrx_word' id='word_1_213' title='bbox 851 3658 1069 3718; x_wconf 61' lang='lat' dir='ltr'>disceptationibus</span> <span class='ocrx_word' id='word_1_214' title='bbox 1087 3658 1234 3707; x_wconf 68' lang='lat' dir='ltr'>iudicialem</span> 
     </span>
     <span class='ocr_line' id='line_1_25' title="bbox 241 3736 1232 3798; baseline 0 -15"><span class='ocrx_word' id='word_1_215' title='bbox 241 3737 284 3783; x_wconf 80' lang='lat' dir='ltr'>aul</span> <span class='ocrx_word' id='word_1_216' title='bbox 305 3737 507 3783; x_wconf 78' lang='lat' dir='ltr'>deliberationum</span> <span class='ocrx_word' id='word_1_217' title='bbox 524 3737 676 3784; x_wconf 54' lang='lat' dir='ltr'>vacaretur.</span> <span class='ocrx_word' id='word_1_218' title='bbox 711 3738 831 3786; x_wconf 85' lang='lat' dir='ltr'>Offendor</span> <span class='ocrx_word' id='word_1_219' title='bbox 853 3752 897 3796; x_wconf 87' lang='lat' dir='ltr'>eo,</span> <span class='ocrx_word' id='word_1_220' title='bbox 916 3738 983 3798; x_wconf 93' lang='lat' dir='ltr'>quod</span> <span class='ocrx_word' id='word_1_221' title='bbox 997 3736 1086 3785; x_wconf 91' lang='lat' dir='ltr'>dicitur</span> <span class='ocrx_word' id='word_1_222' title='bbox 1100 3738 1126 3785; x_wconf 81' lang='lat' dir='ltr'>is</span> <span class='ocrx_word' id='word_1_223' title='bbox 1140 3738 1232 3797; x_wconf 79' lang='lat' dir='ltr'>discep-</span> 
     </span>
     <span class='ocr_line' id='line_1_26' title="bbox 241 3814 1236 3879; baseline 0.001 -18"><span class='ocrx_word' id='word_1_224' title='bbox 241 3814 375 3863; x_wconf 78' lang='lat' dir='ltr'>tationibus</span> <span class='ocrx_word' id='word_1_225' title='bbox 395 3814 605 3863; x_wconf 78' lang='lat' dir='ltr'>deliberationum.</span> <span class='ocrx_word' id='word_1_226' title='bbox 642 3815 823 3879; x_wconf 85' lang='lat' dir='ltr'>corrigendum</span> <span class='ocrx_word' id='word_1_227' title='bbox 845 3820 894 3875; x_wconf 88' lang='lat' dir='ltr'>est,</span> <span class='ocrx_word' id='word_1_228' title='bbox 920 3816 946 3863; x_wconf 79' lang='lat' dir='ltr'>et</span> <span class='ocrx_word' id='word_1_229' title='bbox 965 3817 992 3863; x_wconf 81' lang='lat' dir='ltr'>iu</span> <span class='ocrx_word' id='word_1_230' title='bbox 1006 3815 1236 3874; x_wconf 79' lang='lat' dir='ltr'>deliberationibus,</span> 
     </span>
     <span class='ocr_line' id='line_1_27' title="bbox 241 3892 1234 3955; baseline 0.001 -15"><span class='ocrx_word' id='word_1_231' title='bbox 241 3908 314 3954; x_wconf 87' lang='lat' dir='ltr'>quem</span> <span class='ocrx_word' id='word_1_232' title='bbox 336 3907 421 3941; x_wconf 85' lang='lat' dir='ltr'>casum</span> <span class='ocrx_word' id='word_1_233' title='bbox 433 3894 504 3942; x_wconf 84' lang='lat' dir='ltr'>Voss.</span> <span class='ocrx_word' id='word_1_234' title='bbox 520 3899 617 3952; x_wconf 87' lang='lat' dir='ltr'>servat,</span> <span class='ocrx_word' id='word_1_235' title='bbox 636 3899 676 3952; x_wconf 89' lang='lat' dir='ltr'>et,</span> <span class='ocrx_word' id='word_1_236' title='bbox 696 3899 723 3943; x_wconf 90' lang='lat' dir='ltr'>ut</span> <span class='ocrx_word' id='word_1_237' title='bbox 736 3895 797 3942; x_wconf 90' lang='lat' dir='ltr'>mibi</span> <span class='ocrx_word' id='word_1_238' title='bbox 810 3893 910 3952; x_wconf 85' lang='lat' dir='ltr'>notavi,</span> <span class='ocrx_word' id='word_1_239' title='bbox 929 3893 1091 3943; x_wconf 87' lang='lat' dir='ltr'>Ruhnkenius</span> <span class='ocrx_word' id='word_1_240' title='bbox 1105 3892 1234 3955; x_wconf 86' lang='lat' dir='ltr'>probabat.</span> 
     </span>
     <span class='ocr_line' id='line_1_28' title="bbox 241 3971 1150 4035; baseline 0 -15"><span class='ocrx_word' id='word_1_241' title='bbox 241 3972 282 4020; x_wconf 89' lang='lat' dir='ltr'>Sic</span> <span class='ocrx_word' id='word_1_242' title='bbox 295 3971 373 4030; x_wconf 84' lang='lat' dir='ltr'>infra,</span> <span class='ocrx_word' id='word_1_243' title='bbox 389 3977 401 4031; x_wconf 91' lang='lat'><strong>5</strong></span> <span class='ocrx_word' id='word_1_244' title='bbox 419 3973 479 4030; x_wconf 85' lang='grc'><strong>141,</strong></span> <span class='ocrx_word' id='word_1_245' title='bbox 493 3974 591 4033; x_wconf 83' lang='lat' dir='ltr'>parlim</span> <span class='ocrx_word' id='word_1_246' title='bbox 604 3974 631 4021; x_wconf 78' lang='lat' dir='ltr'>in</span> <span class='ocrx_word' id='word_1_247' title='bbox 644 3975 759 4032; x_wconf 74' lang='lat' dir='ltr'>iudiciis,</span> <span class='ocrx_word' id='word_1_248' title='bbox 773 3973 911 4035; x_wconf 79' lang='lat' dir='ltr'>partimin</span> <span class='ocrx_word' id='word_1_249' title='bbox 926 3972 1150 4021; x_wconf 72' lang='lat' dir='ltr'>deliberationibus.</span> 
     </span>
    </p>

    <p class='ocr_par' dir='ltr' id='par_1_9' title="bbox 111 4048 1268 4667">
     <span class='ocr_line' id='line_1_29' title="bbox 111 4048 1234 4116; baseline 0.004 -20"><span class='ocrx_word' id='word_1_250' title='bbox 111 4051 131 4096; x_wconf 92' lang='grc'>1.</span> <span class='ocrx_word' id='word_1_251' title='bbox 150 4054 162 4107; x_wconf 86' lang='lat'><strong>5</strong></span> <span class='ocrx_word' id='word_1_252' title='bbox 181 4050 223 4097; x_wconf 82' lang='grc'>32.</span> <span class='ocrx_word' id='word_1_253' title='bbox 246 4048 339 4109; x_wconf 84' lang='lat' dir='ltr'>Arma,</span> <span class='ocrx_word' id='word_1_254' title='bbox 359 4052 447 4111; x_wconf 79' lang='lat' dir='ltr'>quibua</span> <span class='ocrx_word' id='word_1_255' title='bbox 459 4055 498 4099; x_wconf 86' lang='lat' dir='ltr'>rel</span> <span class='ocrx_word' id='word_1_256' title='bbox 510 4054 591 4100; x_wconf 80' lang='lat' dir='ltr'>teclae</span> <span class='ocrx_word' id='word_1_257' title='bbox 604 4054 663 4113; x_wconf 79' lang='lat' dir='ltr'>ipse.</span> <span class='ocrx_word' id='word_1_258' title='bbox 700 4053 814 4116; x_wconf 82' lang='lat' dir='ltr'>Cognovi</span> <span class='ocrx_word' id='word_1_259' title='bbox 828 4067 908 4114; x_wconf 89' lang='lat' dir='ltr'>nuper</span> <span class='ocrx_word' id='word_1_260' title='bbox 923 4051 1033 4101; x_wconf 87' lang='lat' dir='ltr'>Pideritii</span> <span class='ocrx_word' id='word_1_261' title='bbox 1047 4053 1078 4100; x_wconf 91' lang='lat' dir='ltr'>de</span> <span class='ocrx_word' id='word_1_262' title='bbox 1093 4052 1119 4099; x_wconf 89' lang='lat' dir='ltr'>h.</span> <span class='ocrx_word' id='word_1_263' title='bbox 1133 4053 1151 4099; x_wconf 91' lang='lat' dir='ltr'>l.</span> <span class='ocrx_word' id='word_1_264' title='bbox 1165 4050 1234 4113; x_wconf 89' lang='lat' dir='ltr'>opio·</span> 
     </span>
     <span class='ocr_line' id='line_1_30' title="bbox 243 4129 1235 4193; baseline 0.002 -17"><span class='ocrx_word' id='word_1_265' title='bbox 243 4129 358 4187; x_wconf 88' lang='lat' dir='ltr'>nionem,</span> <span class='ocrx_word' id='word_1_266' title='bbox 374 4130 497 4191; x_wconf 85' lang='lat' dir='ltr'>proditam</span> <span class='ocrx_word' id='word_1_267' title='bbox 510 4131 537 4179; x_wconf 92' lang='lat' dir='ltr'>in</span> <span class='ocrx_word' id='word_1_268' title='bbox 551 4132 628 4180; x_wconf 85' lang='lat' dir='ltr'>Novis</span> <span class='ocrx_word' id='word_1_269' title='bbox 643 4131 782 4180; x_wconf 82' lang='lat' dir='ltr'>Annalibus</span> <span class='ocrx_word' id='word_1_270' title='bbox 797 4132 888 4180; x_wconf 88' lang='lat' dir='ltr'>Philol.</span> <span class='ocrx_word' id='word_1_271' title='bbox 904 4131 963 4179; x_wconf 88' lang='lat' dir='ltr'>anni</span> <span class='ocrx_word' id='word_1_272' title='bbox 976 4130 1124 4193; x_wconf 87' lang='lat' dir='ltr'>superioris,</span> <span class='ocrx_word' id='word_1_273' title='bbox 1143 4145 1173 4178; x_wconf 83' lang='lat' dir='ltr'>ex</span> <span class='ocrx_word' id='word_1_274' title='bbox 1187 4144 1235 4191; x_wconf 89' lang='lat' dir='ltr'>qua</span> 
     </span>
     <span class='ocr_line' id='line_1_31' title="bbox 242 4209 1235 4272; baseline 0 -17"><span class='ocrx_word' id='word_1_275' title='bbox 242 4209 311 4256; x_wconf 90' lang='lat' dir='ltr'>locus</span> <span class='ocrx_word' id='word_1_276' title='bbox 326 4209 361 4257; x_wconf 90' lang='lat' dir='ltr'>sic</span> <span class='ocrx_word' id='word_1_277' title='bbox 375 4213 439 4257; x_wconf 87' lang='lat' dir='ltr'>esset</span> <span class='ocrx_word' id='word_1_278' title='bbox 452 4210 653 4269; x_wconf 83' lang='lat' dir='ltr'>constituendus,</span> <span class='ocrx_word' id='word_1_279' title='bbox 671 4238 705 4246; x_wconf 89' lang='lat'>-</span> <span class='ocrx_word' id='word_1_280' title='bbox 718 4211 806 4272; x_wconf 78' lang='lat' dir='ltr'>quibua</span> <span class='ocrx_word' id='word_1_281' title='bbox 819 4212 858 4258; x_wconf 83' lang='lat' dir='ltr'>rel</span> <span class='ocrx_word' id='word_1_282' title='bbox 862 4211 958 4272; x_wconf 76' lang='lat' dir='ltr'>integer</span> <span class='ocrx_word' id='word_1_283' title='bbox 965 4211 1121 4271; x_wconf 72' lang='lat' dir='ltr'>intactusque</span> <span class='ocrx_word' id='word_1_284' title='bbox 1128 4210 1215 4269; x_wconf 82' lang='lat' dir='ltr'>ipse—</span> <span class='ocrx_word' id='word_1_285' title='bbox 1229 4243 1235 4267; x_wconf 87' lang='lat'>‚</span> 
     </span>
     <span class='ocr_line' id='line_1_32' title="bbox 241 4286 1235 4348; baseline 0.001 -13"><span class='ocrx_word' id='word_1_286' title='bbox 241 4292 266 4335; x_wconf 87' lang='lat' dir='ltr'>et</span> <span class='ocrx_word' id='word_1_287' title='bbox 287 4288 393 4336; x_wconf 79' lang='lat' dir='ltr'>conferri</span> <span class='ocrx_word' id='word_1_288' title='bbox 412 4286 481 4337; x_wconf 88' lang='lat' dir='ltr'>iubet</span> <span class='ocrx_word' id='word_1_289' title='bbox 498 4294 552 4337; x_wconf 92' lang='lat' dir='ltr'>tum</span> <span class='ocrx_word' id='word_1_290' title='bbox 571 4289 671 4338; x_wconf 84' lang='lat' dir='ltr'>Livium</span> <span class='ocrx_word' id='word_1_291' title='bbox 690 4290 734 4337; x_wconf 84' lang='lat' dir='ltr'>lv.</span> <span class='ocrx_word' id='word_1_292' title='bbox 749 4290 790 4337; x_wconf 86' lang='grc'>38.</span> <span class='ocrx_word' id='word_1_293' title='bbox 806 4291 830 4339; x_wconf 86' lang='grc'>6.</span> <span class='ocrx_word' id='word_1_294' title='bbox 845 4294 899 4337; x_wconf 90' lang='lat' dir='ltr'>tum</span> <span class='ocrx_word' id='word_1_295' title='bbox 913 4289 981 4338; x_wconf 86' lang='lat' dir='ltr'>Orat.</span> <span class='ocrx_word' id='word_1_296' title='bbox 995 4291 1016 4338; x_wconf 90' lang='lat'>1.</span> <span class='ocrx_word' id='word_1_297' title='bbox 1032 4294 1045 4348; x_wconf 87' lang='lat'><strong>5</strong></span> <span class='ocrx_word' id='word_1_298' title='bbox 1060 4289 1117 4335; x_wconf 84' lang='lat'>202.</span> <span class='ocrx_word' id='word_1_299' title='bbox 1152 4288 1183 4335; x_wconf 93' lang='lat' dir='ltr'>In</span> <span class='ocrx_word' id='word_1_300' title='bbox 1197 4288 1235 4336; x_wconf 81' lang='lat' dir='ltr'>his</span> 
     </span>
     <span class='ocr_line' id='line_1_33' title="bbox 243 4365 1235 4429; baseline 0.004 -18"><span class='ocrx_word' id='word_1_301' title='bbox 243 4365 304 4413; x_wconf 90' lang='lat' dir='ltr'>nihil</span> <span class='ocrx_word' id='word_1_302' title='bbox 325 4366 441 4427; x_wconf 89' lang='lat' dir='ltr'>equidem</span> <span class='ocrx_word' id='word_1_303' title='bbox 455 4368 536 4425; x_wconf 90' lang='lat' dir='ltr'>video,</span> <span class='ocrx_word' id='word_1_304' title='bbox 552 4382 600 4429; x_wconf 90' lang='lat' dir='ltr'>quo</span> <span class='ocrx_word' id='word_1_305' title='bbox 614 4368 661 4416; x_wconf 83' lang='lat' dir='ltr'>isto</span> <span class='ocrx_word' id='word_1_306' title='bbox 674 4368 758 4429; x_wconf 91' lang='lat' dir='ltr'>opinio</span> <span class='ocrx_word' id='word_1_307' title='bbox 772 4369 973 4417; x_wconf 86' lang='lat' dir='ltr'>commendetur:</span> <span class='ocrx_word' id='word_1_308' title='bbox 992 4367 1036 4416; x_wconf 86' lang='lat' dir='ltr'>sed</span> <span class='ocrx_word' id='word_1_309' title='bbox 1050 4368 1133 4416; x_wconf 91' lang='lat' dir='ltr'>locum</span> <span class='ocrx_word' id='word_1_310' title='bbox 1146 4366 1235 4415; x_wconf 86' lang='lat' dir='ltr'>iterum</span> 
     </span>
     <span class='ocr_line' id='line_1_34' title="bbox 243 4445 1236 4508; baseline 0.002 -17"><span class='ocrx_word' id='word_1_311' title='bbox 243 4445 423 4502; x_wconf 84' lang='lat' dir='ltr'>consideranti,</span> <span class='ocrx_word' id='word_1_312' title='bbox 449 4460 525 4506; x_wconf 89' lang='lat' dir='ltr'>quum</span> <span class='ocrx_word' id='word_1_313' title='bbox 545 4453 613 4495; x_wconf 89' lang='lat' dir='ltr'>recte</span> <span class='ocrx_word' id='word_1_314' title='bbox 627 4460 763 4508; x_wconf 81' lang='lat' dir='ltr'>prouocare</span> <span class='ocrx_word' id='word_1_315' title='bbox 783 4452 808 4495; x_wconf 89' lang='lat' dir='ltr'>et</span> <span class='ocrx_word' id='word_1_316' title='bbox 826 4446 913 4495; x_wconf 81' lang='lat' dir='ltr'>ulcisci</span> <span class='ocrx_word' id='word_1_317' title='bbox 934 4447 998 4494; x_wconf 89' lang='lat' dir='ltr'>inter</span> <span class='ocrx_word' id='word_1_318' title='bbox 1018 4460 1043 4493; x_wconf 84' lang='lat' dir='ltr'>se</span> <span class='ocrx_word' id='word_1_319' title='bbox 1061 4451 1236 4508; x_wconf 86' lang='lat' dir='ltr'>opponantur,</span> 
     </span>
     <span class='ocr_line' id='line_1_35' title="bbox 243 4525 1268 4587; baseline 0.003 -17"><span class='ocrx_word' id='word_1_320' title='bbox 243 4537 374 4584; x_wconf 86' lang='lat' dir='ltr'>perperam</span> <span class='ocrx_word' id='word_1_321' title='bbox 395 4525 496 4573; x_wconf 84' lang='lat' dir='ltr'>tertium</span> <span class='ocrx_word' id='word_1_322' title='bbox 517 4526 640 4587; x_wconf 86' lang='lat' dir='ltr'>praemitti</span> <span class='ocrx_word' id='word_1_323' title='bbox 660 4526 772 4584; x_wconf 89' lang='lat' dir='ltr'>videtur,</span> <span class='ocrx_word' id='word_1_324' title='bbox 797 4526 929 4573; x_wconf 80' lang='lat' dir='ltr'>cellerius</span> <span class='ocrx_word' id='word_1_325' title='bbox 942 4526 1009 4585; x_wconf 81' lang='lat' dir='ltr'>ipae,</span> <span class='ocrx_word' id='word_1_326' title='bbox 1027 4525 1066 4572; x_wconf 89' lang='lat' dir='ltr'>cui</span> <span class='ocrx_word' id='word_1_327' title='bbox 1080 4525 1142 4573; x_wconf 89' lang='lat' dir='ltr'>nihil</span> <span class='ocrx_word' id='word_1_328' title='bbox 1156 4538 1234 4586; x_wconf 91' lang='lat' dir='ltr'>oppo·</span> <span class='ocrx_word' id='word_1_329' title='bbox 1264 4578 1268 4583; x_wconf 65' lang='grc'>,</span> 
     </span>
     <span class='ocr_line' id='line_1_36' title="bbox 243 4602 1235 4667; baseline 0.005 -19"><span class='ocrx_word' id='word_1_330' title='bbox 243 4605 332 4659; x_wconf 86' lang='lat' dir='ltr'>natur;</span> <span class='ocrx_word' id='word_1_331' title='bbox 350 4603 512 4664; x_wconf 87' lang='lat' dir='ltr'>nequeenim</span> <span class='ocrx_word' id='word_1_332' title='bbox 527 4605 658 4663; x_wconf 71' lang='lat' dir='ltr'>inensem,</span> <span class='ocrx_word' id='word_1_333' title='bbox 676 4610 719 4653; x_wconf 89' lang='lat' dir='ltr'>aut</span> <span class='ocrx_word' id='word_1_334' title='bbox 730 4619 778 4653; x_wconf 80' lang='lat' dir='ltr'>non</span> <span class='ocrx_word' id='word_1_335' title='bbox 791 4605 884 4653; x_wconf 83' lang='lat' dir='ltr'>lectum</span> <span class='ocrx_word' id='word_1_336' title='bbox 899 4603 1008 4667; x_wconf 85' lang='lat' dir='ltr'>cogitare</span> <span class='ocrx_word' id='word_1_337' title='bbox 1019 4604 1107 4664; x_wconf 88' lang='lat' dir='ltr'>potuit.</span> <span class='ocrx_word' id='word_1_338' title='bbox 1142 4602 1235 4655; x_wconf 83' lang='lat' dir='ltr'>Abiec-</span> 
     </span>
    </p>

    <p class='ocr_par' dir='ltr' id='par_1_10' title="bbox 1051 4682 1082 4729">
     <span class='ocr_line' id='line_1_37' title="bbox 1051 4682 1082 4729; baseline -0.065 0"><span class='ocrx_word' id='word_1_339' title='bbox 1051 4682 1082 4729; x_wconf 76' lang='lat'>25</span> 
     </span>
    </p>
   </div>
   <div class='ocr_carea' id='block_1_4' title="bbox 0 0 1626 5500">
    <p class='ocr_par' dir='ltr' id='par_1_11' title="bbox 0 0 1626 5500">
     <span class='ocr_line' id='line_1_38' title="bbox 0 0 1626 5500; baseline 0 0"><span class='ocrx_word' id='word_1_340' title='bbox 0 0 1626 5500; x_wconf 95' lang='lat' dir='ltr'> </span> 
     </span>
    </p>
   </div>
  </div>
 </body>
</html>
