3242 5500
416 556 526 603 nrnnu
555 557 704 607 Prinne.
734 542 750 621 ὃ
779 541 860 612 178.
1158 541 1202 610 75

89 728 307 812 declarasset,
343 735 517 823 praestare
547 728 683 800 debere.
738 732 820 806 Quo
845 730 987 825 quidem
1013 730 1050 800 in
1076 754 1202 824 genere
1228 754 1273 804 nr

88 836 260 909 familiaris
306 846 441 922 noster,
480 836 531 908 M.
566 838 796 925 Bucculeius,
834 839 939 911 homo
974 863 1088 935 neque
1125 863 1203 911 meo

88 945 211 1019 iudicio
238 946 388 1033 stultus,
415 955 449 1018 et
474 970 537 1018 suo
562 947 662 1019 valde
689 948 845 1043 sapiens,
872 956 905 1019 et
930 972 951 1019 a
975 948 1060 1019 iuris
1086 947 1202 1019 studio

91 1050 188 1151 [non]
218 1053 424 1141 abhorrens,
452 1055 557 1127 simili
587 1057 624 1127 irr
650 1081 687 1127 re
712 1057 865 1152 quodam
891 1056 995 1129 modo
1020 1080 1134 1153 nuper
1149 1082 1201 1129 er-

87 1164 178 1236 ravit.
231 1163 346 1250 Nam,
373 1188 484 1259 quum
509 1164 612 1236 aedes
638 1164 678 1237 L.
706 1166 807 1237 Fufio
832 1166 1014 1252 venderet,
1041 1167 1078 1237 in
1103 1190 1201 1237 men·

87 1274 172 1370 cipio
196 1273 351 1359 lumina,
378 1274 528 1375 utitum
542 1280 679 1361 essent,
705 1275 755 1346 ito
766 1275 911 1371 recepit3
930 1276 1053 1346 Fufius
1065 1283 1201 1361 autem,

88 1382 185 1454 simul
222 1390 330 1477 atque
363 1382 538 1455 aedificari
570 1395 731 1479 coeptum
765 1392 818 1456 est
850 1385 888 1456 in
922 1384 1073 1479 quadam
1105 1393 1203 1481 porte

87 1491 197 1578 urbiS,
224 1516 316 1586 quae
341 1491 444 1563 modo
470 1516 512 1563 ex
537 1492 606 1564 illis
632 1492 777 1565 nedibus
794 1494 950 1589 conspici
967 1502 1104 1589 posset,
1128 1494 1202 1589 egit

88 1601 197 1672 statim
215 1624 297 1672 cum
314 1601 524 1687 Buoculei0,
552 1602 666 1697 quod,
693 1603 902 1699 cuicumque
914 1603 1104 1699 particulae
1115 1602 1202 1675 coeli

86 1711 294 1795 officeretur,
321 1711 480 1805 quamvis
506 1721 596 1782 esset
621 1712 762 1807 procul,
789 1713 916 1785 mutari
941 1712 1076 1784 lumino
1099 1720 1200 1808 puta-

86 1818 150 1891 bet.
192 1819 294 1895 Quid
330 1820 432 1891 vero?
466 1820 656 1892 clarissime
687 1819 739 1892 Μ’
767 1820 866 1893 Curii
891 1846 995 1893 causa
1020 1822 1203 1917 Marcique
1228 1844 1273 1890 reo

88 1929 227 2025 Coponii
263 1952 377 2025 nuper
410 1928 505 2024 opud
539 1930 773 2002 centumviros
798 1954 869 2027 quo
893 1955 1066 2002 concursu
1090 1930 1201 2002 homi·

87 2062 180 2125 num,
199 2063 272 2135 qua
289 2039 547 2134 exspectatione
566 2038 706 2111 defensa
727 2040 800 2111 est?
819 2065 930 2136 quum
951 2041 996 2115 Q.
1020 2040 1200 2126 Scaevola,

87 2148 232 2243 aequalis
271 2156 304 2219 et
330 2148 471 2243 collega
499 2172 618 2235 meus,
645 2148 750 2221 homo
774 2150 935 2221 omnium
960 2158 995 2221 et
1018 2149 1206 2245 disciplina

86 2256 163 2328 iuris
188 2257 301 2330 civilis
328 2257 605 2344 eruditissimus,
632 2268 665 2330 ct
690 2259 833 2355 ingenio
849 2258 1106 2355 prudentiaque
1122 2283 1202 2331 acu·

85 2366 253 2453 tissimus,
289 2375 325 2437 et
356 2367 512 2438 oratione
544 2368 697 2439 menime
730 2369 872 2440 limatus
904 2375 1011 2465 atque
1044 2367 1202 2455 subtilis,

86 2482 182 2571 etque
210 2479 265 2563 (ut
293 2500 358 2571 ego
384 2477 477 2548 soleo
503 2476 631 2563 dicere)
661 2477 747 2550 iuris
771 2478 964 2573 peritorum
990 2478 1201 2575 eloquentis·

88 2585 206 2670 simus,
243 2585 486 2679 eloquentium
520 2586 605 2658 iuris
639 2588 895 2682 peritissimus,
931 2612 973 2659 ex
998 2588 1126 2684 scripto
1150 2595 1202 2659 te-

88 2694 330 2767 strumentorum
366 2695 442 2768 iure
475 2696 697 2783 defenderet,
729 2705 963 2794 negaretque,
989 2697 1058 2770 nisi
1083 2704 1201 2794 postu-

87 2827 157 2874 mus
180 2813 213 2877 et
236 2813 364 2891 natus,
389 2813 423 2877 et
448 2814 546 2892 unte,
572 2825 687 2903 quam
703 2806 740 2879 in
765 2831 863 2878 suam
876 2807 1023 2879 tutelam
1033 2807 1202 2892 venisset,

88 2921 235 2986 mortuus
282 2921 394 3000 esset,
444 2915 606 2988 heredem
639 2940 718 2988 eum
754 2941 829 2988 esse
861 2941 981 3011 posse,
1017 2917 1078 3012 qui
1112 2924 1203 2989 esset

89 3023 272 3096 secundum
310 3032 514 3119 postumum
549 3021 601 3120 [et
633 3034 757 3097 netum
793 3033 828 3096 et
869 3019 1064 3120 mortuum]
1103 3024 1202 3098 heres

87 3129 262 3205 institutus
273 3167 282 3219 ;
326 3158 390 3228 ego
431 3143 549 3208 eutem
588 3136 832 3222 defenderem,
872 3135 936 3207 hac
974 3144 1049 3207 tum
1085 3144 1203 3207 mente

87 3237 184 3312 tuisse
207 3265 308 3328 eum,
335 3243 396 3338 qui
421 3252 672 3317 testamentum
694 3245 854 3331 fecisset,
878 3254 939 3331 ut,
960 3245 989 3316 si
1013 3244 1107 3317 filius
1130 3250 1201 3316 non

88 3357 170 3420 esset
203 3351 265 3447 qui
294 3353 332 3422 in
363 3353 510 3425 tutelam
541 3355 694 3441 veniret,
728 3353 781 3426 Μ’
816 3355 944 3426 Curius
976 3363 1065 3426 esset
1085 3353 1200 3438 heres;

89 3480 166 3530 uum
196 3460 336 3534 destitit
369 3476 517 3558 uterque
549 3473 706 3536 nostrum
741 3463 776 3534 in
806 3488 846 3535 ea
865 3488 969 3535 cause
993 3464 1030 3535 iu
1054 3463 1202 3534 auotori-

89 3667 375 3680 *u—-n--a--m--a--a

86 3809 160 3858 studio
175 3812 247 3874 [raon]
261 3814 404 3860 abhorrens.
422 3815 617 3878 Ipsenrgumen-
665 3816 782 3880 gitatum,
798 3821 826 3862 ut
839 3814 1202 3862 defenderettestnmentumex

86 3888 138 3936 tatio
152 3891 231 3954 arguit
244 3891 404 3954 negationem
417 3891 617 3956 vitiohucirrep·
664 3894 764 3956 scripto.

86 3964 144 4023 risse,
158 3968 385 4032 corrigendumque
397 3971 522 4028 esse,red
533 3973 618 4019 aroris
699 3987 741 4036 epo
760 3973 843 4020 autem
857 3971 1023 4032 defenderem.
1058 3971 1148 4018 Merito
1160 3985 1201 4020 re·

87 4043 156 4091 cicilie
167 4046 250 4096 studio
268 4047 412 4095 abhorrens.
666 4051 766 4112 pudiote
786 4056 824 4099 est
842 4049 975 4100 ermerarii
988 4049 1145 4108 coniectura,
1160 4063 1202 4113 eqo

114 4124 149 4170 cti
162 4126 215 4172 tum
229 4127 321 4174 errent.
354 4125 503 4185 Praestabit,
518 4130 600 4176 erant.
665 4130 815 4177 voluntatem
825 4129 893 4190 def..-
906 4143 934 4177 ea
948 4127 1137 4177 enimvoluntas
1144 4142 1202 4176 mox

116 4201 167 4250 180.
185 4205 228 4265 qur·
249 4205 316 4270 esset
335 4207 467 4252 secuudum
475 4207 617 4266 postumum
665 4209 754 4255 mentis
771 4206 895 4255 vocabulo
914 4207 1064 4270 designatur.
1099 4205 1202 4254 rubris

91 4278 123 4337 [et
138 4283 221 4330 uatum
234 4284 262 4330 et
277 4283 415 4344 mortuum]
432 4283 501 4330 deren
514 4285 616 4332 irretitu-
665 4291 768 4348 apparet
781 4286 915 4347 antiquitus
927 4285 977 4333 iem
990 4283 1116 4333 turbatum
1126 4285 1201 4333 fuisse

87 4357 129 4401 ἰκε-
162 4361 252 4418 Nulla,
275 4365 305 4409 ut
325 4360 426 4423 opinor,
451 4363 617 4411 controversia
665 4364 689 4411 in
705 4377 786 4425 sequ,
801 4364 835 4413 ita
850 4365 969 4427 utvulgo
982 4364 1076 4413 editum
1089 4363 1133 4417 nit,
1147 4377 1201 4410 eum

88 4445 133 4483 esse
153 4439 289 4499 potuisset,
312 4439 332 4487 si
352 4454 381 4488 eo
400 4438 491 4497 verbe,
514 4455 576 4502 quae
590 4445 618 4489 ut
666 4443 711 4489 doc
725 4443 777 4490 tum
790 4443 871 4490 mente
879 4444 972 4504 fodere.
1007 4443 1046 4490 De
1060 4455 1115 4489 meo
1128 4454 1201 4489 revo-

85 4509 174 4563 insititis
194 4517 301 4574 inclusi,
323 4517 348 4565 in
368 4523 514 4568 testamento
535 4519 617 4568 addita
666 4520 719 4568 csvi
739 4521 815 4568 Pron.
835 4521 861 4569 in
878 4535 949 4569 suurn
966 4522 1065 4577 locum,
1081 4519 1201 4568 utstatim

86 4587 191 4644 dissent:
207 4595 253 4646 secl
267 4599 323 4643 erat
335 4596 382 4645 hoc
396 4597 617 4649 aScecvolsexco·
665 4603 780 4660 sequntur
794 4601 844 4664 qui.
