3242 5500
368 519 414 590 21
724 541 838 591 niens
864 542 1003 592 666666
1030 526 1048 605 1
1072 524 1132 593 49.

366 720 447 800 tur,
482 722 516 786 et
549 714 637 788 mihi
667 715 820 801 videtur)
857 714 1024 811 physicus
1052 715 1113 787 1116
1141 713 1387 801 Democritus,
1418 741 1493 789 ma-

365 823 470 897 teries
494 822 555 896 illa
577 823 646 896 fuit
669 823 828 920 physici,
855 824 899 895 do
923 848 993 920 qua
1016 823 1128 910 dixit,
1155 829 1299 896 ornatus
1316 848 1398 895 vero
1416 825 1493 922 1666

365 932 550 1006 verborum
573 934 718 1006 oratoris
743 933 923 1031 putandus
948 941 1012 1006 est.
1063 934 1128 1020 nt,
1154 933 1184 1005 si
1209 932 1309 1008 Plato
1329 933 1493 1010 derebus

366 1067 386 1114 6
410 1041 570 1116 civilibus
593 1043 837 1116 controversiis
861 1043 1103 1115 remotissimis
1129 1042 1298 1115 divinitus
1323 1051 1377 1116 est
1399 1045 1493 1118 locu-

366 1160 444 1239 tus,
480 1153 575 1248 quod
604 1176 670 1248 ego
699 1152 872 1238 conced03
904 1153 934 1225 si
958 1153 1044 1226 item
1068 1152 1299 1238 Aristoteles,
1326 1154 1493 1228 6111666-

365 1262 552 1359 phrastua,
584 1262 614 1334 61
644 1262 842 1362 Carneades
866 1262 903 1334 in
928 1262 1034 1334 rebus
1057 1261 1122 1348 116,
1149 1263 1193 1334 de
1218 1261 1347 1358 quibus
1372 1264 1491 1361 dispu-

365 1377 549 1458 taverunt,
576 1371 800 1468 eloquentes,
828 1372 924 1445 etin
949 1371 1099 1444 dicendo
1123 1395 1244 1446 suaves
1257 1379 1364 1468 atque
1376 1377 1491 1447 ornati

365 1482 509 1554 luerunt
521 1514 529 1568 ;
569 1481 656 1554 sint
676 1481 741 1553 hae
775 1506 852 1568 res,
887 1481 931 1553 de
967 1481 1097 1577 quibus
1121 1481 1324 1578 disputant,
1351 1484 1388 1554 in
1414 1485 1490 1558 aliis

366 1589 578 1687 quibusdam
603 1590 751 1677 studiis,
778 1591 888 1663 oratio
913 1591 1057 1687 quidem
1078 1591 1155 1688 ipsa
1166 1591 1307 1688 propria
1319 1600 1373 1664 661
1385 1593 1491 1667 huius

310 1728 340 1772 ao
365 1701 471 1773 unius
494 1699 660 1786 rationis,
687 1699 730 1771 de
755 1726 828 1797 666
849 1700 1027 1796 loquimur
1050 1709 1086 1774 61
1110 1702 1320 1798 quaerimus.
1348 1702 1492 1775 Etenim

366 1809 524 1884 videmus
558 1809 684 1882 iisdem
718 1810 761 1882 de
793 1809 898 1882 rebus
932 1810 1049 1882 ieiune
1077 1811 1247 1906 quosdam
1271 1818 1307 1883 et
1331 1813 1492 1901 exiliter,

366 1929 406 1993 ut
425 1943 523 2006 6666,
548 1944 653 2016 quem
670 1919 913 1993 acutissimum
931 1920 1069 2006 ferunt,
1096 1918 1352 2018 Chrysippum,
1371 1922 1494 2020 dispu-

364 2030 513 2116 tavisse,
551 2053 665 2126 66666
701 2029 746 2102 ob
776 2053 852 2101 eam
881 2053 956 2101 rem
984 2029 1226 2126 philosophiae
1255 2054 1326 2103 non
1357 2033 1494 2104 satisfe-

365 2139 473 2225 cisse,
510 2139 605 2234 quod
638 2163 709 2210 non
740 2138 902 2212 habuerit
932 2137 1022 2212 hanc
1047 2139 1187 2211 dicendi
1211 2165 1255 2212 ex
1279 2149 1354 2214 6616
1377 2142 1493 2214 611666

364 2249 576 2324 facultatem.

294 2371 339 2440 12
415 2358 513 2435 Quid
543 2382 625 2454 ergo
648 2358 823 2435 interest?
857 2366 919 2431 661
945 2359 1006 2455 661
1031 2358 1206 2431 discernes
1232 2384 1375 2446 eorum,
1402 2385 1491 2457 6666

365 2467 558 2554 nominavi,
594 2466 790 2541 ubertatem
820 2470 858 2541 16
888 2468 1036 2548 dicendo
1065 2477 1101 2540 61
1131 2469 1268 2565 copiam
1298 2469 1343 2541 ab
1369 2495 1491 2543 eorum

365 2579 543 2663 exilitate,
580 2579 641 2675 qui
674 2577 739 2650 hac
772 2578 913 2651 dicendi
947 2577 1113 2660 varietate
1147 2587 1183 2650 et
1217 2580 1393 2674 elegantia
1417 2605 1490 2654 non

364 2689 542 2761 utuntur?
593 2687 713 2761 Unum
743 2689 808 2761 6611
837 2689 1015 2785 profecto,
1042 2687 1137 2785 quod
1161 2688 1208 2776 ii,
1234 2688 1296 2784 qui
1320 2688 1411 2763 bene
1435 2690 1488 2763 di·

364 2908 424 2956 dum
439 2906 500 2957 nubi
512 2907 624 2965 videtin,
639 2906 749 2968 assequi,
765 2906 903 2955 necessario
953 2911 1078 2964 servatur,
1100 2910 1187 2969 utpote
1205 2907 1232 2955 in
1252 2912 1395 2969 praecepto.
1438 2911 1495 2957 Hoc

364 2984 454 3035 obiecti
467 2984 641 3035 Accusativum
657 2984 776 3046 requirit,
791 2984 834 3045 qui
852 3000 903 3034 non
952 2986 1023 3043 ioco,
1038 2986 1058 3033 si
1071 2986 1270 3048 praeciperetur,
1286 2986 1404 3047 scriptum
1418 3000 1492 3048 opor-

363 3065 427 3115 inest
440 3064 466 3111 in
481 3062 606 3113 Infinitive
621 3063 694 3125 loqui.
724 3063 829 3112 Diversa
842 3077 901 3113 con·
951 3062 1020 3112 tabat
1027 3064 1151 3123 percepta
1164 3065 1257 3113 erant.-
1273 3064 1317 3113 sed
1330 3079 1382 3113 non
1395 3066 1491 3127 pracci-

363 3142 424 3195 ditio
438 3141 563 3201 66116616
580 3143 620 3191 19.
951 3142 989 3203 611
1014 3156 1082 3191 6666
1109 3143 1226 3201 Crassus,
1253 3142 1373 3193 iudicium
1395 3149 1493 3193 tantum

398 3235 470 3283 pacm
484 3220 505 3266 ci
519 3234 567 3267 666
580 3219 698 3268 concedis.
716 3220 826 3269 Praetuli
839 3220 901 3278 hoc,
952 3221 1067 3283 explicat.

363 3314 423 3363 prae
444 3301 522 3348 altero
543 3299 690 3357 conceditis,
713 3298 830 3359 quoniam
850 3314 901 3348 666
985 3300 1026 3347 50.
1044 3300 1107 3348 tanc
1128 3298 1225 3347 dicendi
1239 3313 1271 3348 ear
1285 3301 1342 3348 arte
1355 3301 1437 3348 611666
1444 3300 1490 3360 sa·

364 3378 458 3440 accipio
493 3378 611 3427 Ellendtii
650 3376 900 3440 interpretationem,
951 3379 1078 3426 miratos.
1114 3380 1249 3440 Perperam
1262 3378 1323 3427 olim
1336 3378 1491 3443 corrigebam

363 3456 434 3518 quasi
446 3456 539 3505 diceret
553 3461 596 3505 utu
610 3461 635 3505 et
649 3470 710 3518 6666
723 3456 901 3518 sequerisphi·
950 3458 1064 3505 61166666.
1099 3458 1157 3519 1666
1178 3456 1277 3505 dicendi
1290 3472 1330 3505 ars
1343 3458 1426 3506 aliena
1439 3462 1491 3507 erat

364 3535 527 3597 ‘'rompheis”
543 3536 574 3585 de
588 3549 633 3584 666
644 3534 899 3585 euimScaevolasen-
949 3536 1108 3598 philosopho.

362 3614 465 3663 tentiam
471 3614 574 3672 dixerat,
581 3627 663 3675 neque
669 3614 734 3662 61166
739 3614 901 3676 philosophos
982 3628 1058 3662 unum
1066 3615 1116 3661 erit
1128 3641 1162 3649 -
1175 3615 1489 3676 quodii-affematpro·

363 3692 525 3753 sequebatur,
541 3693 899 3755 quorumopiniouemprimus
944 3693 1040 3752 priam.
1072 3694 1189 3741 Nondum
1203 3693 1297 3755 accipio
1312 3693 1422 3743 Schutzii
1435 3710 1487 3744 cor·

364 3774 465 3821 Crassus
482 3776 725 3820 commemoraverat.
948 3772 1099 3832 rectionem,
1114 3773 1238 3833 afferent.-
1255 3771 1487 3835 librivelafferant,

396 3850 444 3897 6161
458 3852 494 3907 et,
517 3848 641 3911 puidicit,
662 3865 703 3907 ea,
719 3849 749 3897 de
762 3849 898 3911 66116661-
947 3853 989 3899 vel
1010 3851 1120 3912 afferant
1136 3850 1237 3900 habent.
1273 3851 1390 3899 Nondum
1408 3852 1488 3916 agian

364 3928 413 3987 cit,
431 3929 552 3988 percepta
568 3930 628 3976 aiat.
663 3928 757 3977 Iterum
771 3928 900 3977 discedoa
948 3929 1052 3991 deipsis
1066 3928 1219 3987 oratoribus,
1234 3930 1278 3979 sed
1292 3930 1488 3980 decantarendis

363 4006 500 4057 novissimis
523 4005 679 4065 Editoribus,
702 4006 744 4068 qui
765 4006 897 4068 utrobique
947 4008 1011 4056 inter
1025 4022 1051 4057 66
1065 4007 1225 4070 scriptoribus
1238 4009 1296 4067 iilis,
1312 4012 1488 4071 praenomina-

361 4086 439 4135 secuti
459 4089 516 4135 suut
536 4086 639 4135 alteram
652 4084 800 4143 lectionem,
816 4086 897 4144 dicet,
947 4088 1031 4144 66661,
1054 4100 1068 4135 6
1089 4086 1178 4148 quibus
1197 4089 1238 4149 qai
1252 4088 1311 4135 berse
1324 4089 1428 4147 dicuat,
1441 4090 1489 4138 hoc

363 4179 444 4226 neque
456 4164 549 4215 mutavi
562 4163 709 4213 sententiam
723 4167 825 4226 propter
839 4164 897 4214 doc·
947 4166 1058 4225 afferunt
1067 4167 1262 4226 propriumcet=
1277 4167 1396 4214 Futurum
1410 4168 1431 4215 si
1442 4182 1488 4230 po·

361 4249 412 4292 tarn
445 4244 630 4293 annotationem
657 4243 774 4291 Ellendtii
802 4243 835 4290 ad
862 4245 897 4291 11.
947 4248 1061 4303 neretur,
1089 4245 1214 4293 diceretur
1241 4258 1283 4293 666
1304 4251 1420 4307 oportere
1440 4247 1488 4294 boc

364 4324 449 4381 5182.
467 4322 567 4371 Scilicet
576 4322 899 4384 Futurumilludproprium
947 4325 1035 4371 afferre
1062 4323 1206 4385 proprium,
1235 4324 1303 4385 quod
1329 4325 1405 4385 61666
1430 4326 1488 4374 hinc

364 4406 400 4449 661
412 4400 553 4463 praecepti,
568 4415 645 4462 quum
658 4400 833 4463 praescribitur
839 4402 899 4463 quid
947 4403 1057 4451 alienum
1074 4406 1121 4451 est.

363 4485 485 4529 oratorem
504 4480 587 4529 iacere
601 4484 727 4541 oporteat,
746 4494 797 4527 non
811 4479 899 4529 defini·
981 4480 1135 4528 laceratam
1145 4480 1383 4529 oratio-ludatur.
1419 4485 1488 4533 Haec

361 4558 442 4607 tionis.
462 4559 541 4621 Igitur
555 4560 622 4607 recte
638 4560 672 4607 11.
688 4562 700 4617 1
717 4560 764 4608 223
779 4560 898 4608 11616666
946 4559 1007 4608 vitio
1034 4560 1178 4621 interposita
1205 4573 1258 4608 esse
1277 4574 1352 4623 snpra
1371 4560 1398 4608 16
1419 4564 1433 4620 1
1455 4563 1487 4610 211
