3242 5500
417 578 531 627 arnna
557 578 756 629 sncuunus.
784 561 801 642 S
828 560 910 631 337.
1154 561 1226 632 257

110 746 285 843 publicae,
317 750 460 823 maximi
497 758 613 823 motus
648 750 911 838 multitudinis,
946 775 1060 846 genus
1085 776 1226 849 quoque

110 859 244 931 dicendi
268 862 438 956 grandius
456 861 635 958 quoddam
652 869 685 933 et
702 860 875 933 illustrius
892 885 968 933 esse
984 860 1225 934 adhibendum

110 969 255 1055 videtum
290 971 513 1066 maximaque
542 996 623 1067 pars
654 971 823 1043 orationis
855 970 1072 1043 admovenda
1103 980 1156 1043 est
1180 972 1226 1044 sd

110 1078 299 1151 animorum
336 1088 452 1153 motus
489 1104 756 1176 nonnumquam
789 1087 850 1151 aut
883 1079 1138 1166 cohortatione,
1164 1089 1226 1153 aut

109 1190 432 1262 commemoratione
466 1190 600 1285 aliqua,
633 1189 754 1262 autin
781 1214 897 1285 spem,
924 1190 1048 1261 autin
1072 1197 1224 1276 metum,

110 1306 165 1369 aut
191 1298 235 1369 ad
260 1299 511 1394 cupiditatem,
537 1307 597 1371 aut
621 1300 667 1370 ad
687 1299 835 1394 gloriam
860 1298 1102 1386 concitandos,
1124 1323 1226 1395 saepe

110 1407 207 1479 etiam
244 1433 264 1479 a
298 1409 514 1494 temeritate,
548 1408 745 1493 iracundia,
779 1433 858 1503 spe,
892 1409 1040 1493 iniuria,
1072 1408 1224 1495 invidia,

109 1518 310 1590 crudelitate
331 1518 553 1592 revocandos.

153 1628 209 1727 iit
247 1637 366 1700 autem
398 1635 458 1713 ut,
484 1629 567 1723 quia
591 1628 743 1699 maxima
767 1627 896 1699 oratori
921 1628 1022 1723 quasi
1038 1652 1151 1707 ,scena
1175 1628 1224 1699 vi·
1252 1628 1298 1698 83

110 1734 206 1808 detur
234 1738 350 1808 contio
375 1762 469 1823 esse,
500 1745 625 1809 natura
649 1738 726 1833 ipsa
750 1736 794 1807 ad
820 1738 977 1809 ornatius
1000 1736 1224 1833 dicendi-ge·
1250 1756 1297 1802 338

111 1870 171 1917 nus
203 1847 407 1919 excitemur.
455 1845 575 1921 Habet
603 1847 697 1918 enim
734 1846 928 1918 multitudo
952 1848 1023 1919 vim
1049 1847 1226 1943 quandam

111 1956 227 2042 talem,
267 1963 326 2042 ut,
363 1957 658 2053 quemadmodum
696 1954 828 2027 tibicen
866 1956 941 2028 sine
965 1956 1063 2029 tibiis
1084 1982 1225 2044 cancre,

111 2065 154 2136 sic
174 2074 294 2137 orator
318 2067 393 2138 sine
417 2066 647 2139 multitudine
671 2065 838 2137 audiente
862 2065 1029 2160 eloquens
1055 2092 1130 2140 esse
1154 2092 1224 2139 non

110 2177 223 2269 possit.
251 2175 320 2262 Et,
346 2200 457 2272 quum
481 2178 552 2249 sint
575 2176 760 2271 populares
783 2175 887 2247 multi
910 2176 1066 2271 variique
1090 2177 1226 2271 lapsus,
1252 2196 1297 2242 aas

109 2284 243 2357 vitanda
277 2295 329 2357 est
358 2286 560 2358 acclamatio
591 2286 735 2357 adversa
767 2284 910 2380 populi,
944 2309 1035 2379 quae
1066 2295 1127 2358 aut
1150 2312 1224 2359 ora·

110 2395 208 2467 tionis
232 2403 377 2492 peccato
402 2396 520 2492 aliquo
546 2396 734 2481 excitatur,
761 2394 944 2489 uespere,
971 2394 1002 2465 si
1013 2404 1225 2490 arroganter,

109 2504 135 2575 si
165 2506 335 2601 turpiter,
367 2506 396 2577 si
428 2506 587 2592 sordide,
624 2506 654 2577 si
685 2528 828 2601 quoquo
852 2503 960 2575 animi
984 2505 1068 2576 vitio
1092 2506 1227 2578 dictum

108 2638 176 2685 esse
209 2614 348 2711 aliquid
382 2615 540 2701 videtur,
565 2622 626 2687 aut
652 2613 836 2686 hominum
860 2614 1068 2701 offensione,
1093 2616 1147 2687 vel
1172 2617 1225 2688 in·

107 2723 212 2810 vidia,
247 2750 339 2821 quae
373 2733 435 2798 aut
467 2726 557 2797 iusta
594 2735 666 2810 cst,
702 2730 762 2796 aut
786 2749 830 2796 ex
855 2723 1097 2797 criminatione
1121 2734 1227 2823 atque

108 2834 210 2921 sama,
245 2843 309 2907 aut
340 2860 394 2907 res
428 2835 457 2907 si
489 2835 672 2932 displicet,
703 2843 763 2906 aut
792 2835 822 2906 si
847 2842 899 2906 est
923 2835 960 2905 in
985 2835 1104 2930 aliquo
1128 2845 1228 2908 motu

108 2969 183 3016 suae
219 2945 425 3041 cupiditatis
462 2952 523 3017 aut
559 2953 675 3017 metus
708 2943 909 3016 multitudo.
975 2941 1043 3015 His
1076 2953 1228 3041 quatuor

108 3294 164 3342 quac
188 3283 310 3331 Ernestus
330 3279 472 3338 annotavit,
493 3278 540 3328 sibi
558 3281 641 3328 locum
690 3282 817 3340 posuerat:
839 3290 906 3326 nunc
925 3276 1073 3350 violentiora
1086 3277 1226 3338 subiicit‚a

108 3366 243 3422 suspectum
258 3373 327 3418 esse3
341 3372 400 3418 nec,
414 3363 443 3407 ut
455 3371 543 3407 verum
553 3358 641 3416 fatear,
690 3355 778 3418 quibus
796 3361 878 3406 essent
891 3356 1038 3411 remearem,-
1052 3361 1157 3417 quorum
1167 3360 1225 3408 reli-

108 3440 235 3501 quidquam
249 3438 336 3495 video,
352 3437 452 3499 quoista
464 3440 506 3486 vel
509 3438 641 3498 praesidii,
690 3450 738 3497 qua
764 3433 829 3484 bene
852 3433 1007 3491 cebebant,
1028 3435 1118 3483 sedin
1138 3436 1226 3498 quibus

107 3519 144 3565 vel
162 3519 272 3566 militam
294 3516 386 3564 mentio
406 3517 432 3564 in
453 3515 500 3564 hac
520 3515 641 3564 sententia
689 3529 809 3576 perquam
835 3515 920 3574 inepte
946 3513 1046 3573 ponitur
1068 3528 1138 3573 apae,
1159 3517 1225 3577 quod

108 3595 260 3645 defendatur.
280 3595 330 3643 Sed
343 3595 406 3643 nihil
419 3595 540 3658 attingere
552 3595 640 3644 audeo.
690 3608 739 3654 quo
759 3593 834 3642 moda
854 3591 977 3653 corrigam
994 3605 1045 3638 non
1064 3591 1160 3651 habeo,
1179 3595 1226 3643 nisi

108 3673 228 3737 Quidquid
256 3674 305 3732 sit,
332 3688 364 3722 ne
384 3672 433 3721 hoc
454 3673 554 3733 quidem
573 3677 641 3722 recte
689 3671 753 3721 forte
779 3669 899 3733 probetur
922 3671 1037 3727 saevitia,
1065 3676 1107 3718 aut
1130 3674 1224 3733 asperl-

107 3751 186 3802 abesse
199 3757 276 3816 puio,
292 3752 416 3813 pertinere
430 3751 492 3820 haep
504 3752 536 3799 ad
546 3749 640 3801 delibe-
691 3753 751 3799 lale.

107 3831 221 3880 rationem
234 3830 321 3894 pacis,
336 3844 368 3877 an
381 3827 451 3877 belli.
724 3831 779 3879 333.
799 3829 908 3877 maaim
920 3828 1016 3875 oratori
1029 3829 1099 3888 qraaci
1110 3843 1183 3878 seem
1189 3833 1224 3879 ω’.

137 3913 191 3960 336.
210 3913 254 3973 qai
268 3909 298 3956 id
309 3907 515 3957 domati-siaa.
533 3906 641 3968 Requiro
690 3907 765 3955 datar
783 3908 937 3954 ceatioeaee.
971 3905 1075 3954 Secutus
1089 3920 1144 3955 sum
1159 3909 1223 3972 Kay·
1314 3956 1315 3961 ,

108 3989 228 4048 dacaait,
245 3993 271 4037 et
285 3987 384 4034 viderit.
689 3999 780 4035 serum.
816 3981 1092 4032 ildisolebatmaaima
1105 3989 1225 4048 quasia.

137 4067 190 4117 337.
207 4081 287 4128 aenas
307 4079 401 4128 qaoque
421 4064 519 4113 dicendi
538 4091 571 4099 -—
591 4077 643 4111 aeae
689 4078 724 4112 ac.
737 4064 852 4110 videatur
863 4063 993 4111 contionis.

107 4146 264 4194 adhibendam
279 4144 385 4192 etaetar.
418 4145 448 4192 In
461 4141 643 4191 hacsententia
724 4143 781 4190 339.
804 4141 905 4190 citanda
922 4143 960 4188 eat
979 4143 1131 4191 acclamatio.
1170 4147 1225 4195 Non

108 4222 232 4272 autumat
251 4221 358 4272 verbum
379 4223 487 4283 postulat
499 4222 643 4270 adiunctum
691 4234 819 4282 assequor,
841 4234 890 4280 quo
910 4219 985 4268 modo
1006 4225 1088 4270 orator
1101 4224 1226 4284 possitai-

108 4301 227 4350 llativum.
265 4301 385 4363 corrigo,
406 4327 440 4336 —
459 4300 585 4348 illustrius
605 4300 644 4347 laia
691 4299 747 4346 tare
770 4299 970 4346 acclamationem
987 4297 1064 4362 (quae
1084 4314 1140 4348 cum
1159 4305 1225 4352 atre-

108 4379 266 4428 adhibendum
279 4380 387 4427 eidetar.
686 4378 746 4438 pita
765 4377 876 4440 iungitur
894 4378 993 4426 invent.
1014 4379 1035 4426 Ι.
1057 4383 1069 4437 ξ
1092 4378 1149 4442 25)=
1168 4386 1194 4429 ct
1206 4383 1227 4430 si

136 4473 205 4520 saepe
218 4459 296 4508 etiam
310 4472 326 4505 a
337 4458 478 4506 temeritate
489 4470 642 4506 -recacaa-
690 4457 782 4518 possit,
801 4470 852 4503 non
879 4470 941 4518 opus
961 4462 1015 4504 erat
1033 4457 1173 4518 medicinis,
1195 4462 1227 4510 dc

108 4537 154 4584 das.
192 4538 273 4586 Modo
295 4537 405 4594 dixerat,
427 4536 542 4597 adquae
563 4537 641 4585 coaci-
691 4533 780 4594 quibus
800 4534 882 4583 statim
901 4533 993 4582 adiicit.
1027 4535 1161 4597 Scripsitne
1174 4540 1225 4588 cia·

108 4615 173 4663 tandi
201 4620 287 4665 essent
307 4615 396 4673 animi,
421 4615 446 4663 in
468 4612 555 4676 quibus
576 4629 642 4674 apem
664 4633 667 4664 r
691 4611 835 4660 cendaeatl

1052 4704 1080 4753 17
