3242 5500
371 558 483 605 ariana
511 558 648 615 narnus
676 541 692 620 ὃ
721 540 800 607 lac.
1174 542 1219 612 io

102 756 196 803 suani
218 732 425 803 noluerunt:
452 730 600 814 deinde,
627 738 853 825 posteaquam
871 739 924 801 cst
937 731 1094 815 editum,
1116 755 1219 827 expo·

102 841 174 912 sitis
212 866 232 911 a
266 840 331 911 Cn.
367 840 485 911 Flavio
519 839 672 935 primum
695 837 914 925 actionibus,
939 839 1028 911 nulli
1052 839 1220 923 fuerunt,

102 951 160 1045 qui
183 949 244 1021 illa
268 950 453 1021 artificiose
477 948 614 1044 digesta
639 951 832 1044 generatim
848 957 1108 1046 componerent.
1139 943 1220 1043 [Ni-
1278 988 1283 1025 :

103 1059 149 1132 hil
185 1068 238 1130 est
272 1059 367 1130 enim
400 1058 495 1155 quod
522 1058 567 1129 ad
599 1066 709 1130 artem
741 1058 854 1154 redigi
888 1059 1020 1154 possit,
1055 1058 1124 1130 nisi
1162 1058 1222 1130 ille

103 1170 219 1265 prius,
256 1168 317 1263 qui
350 1168 410 1239 illa
445 1176 563 1253 tenet,
598 1191 746 1263 quorum
780 1176 892 1239 artem
917 1167 1100 1240 instituere
1124 1168 1221 1253 vult,

103 1277 225 1351 habeat
259 1276 355 1349 illam
393 1277 594 1361 scientiam,
629 1284 669 1348 ut
705 1276 816 1349 exiis
841 1276 967 1363 rebus,
995 1301 1143 1372 quarum
1168 1301 1222 1348 ars

104 1387 259 1459 nondum
293 1387 361 1473 sit,
395 1394 506 1459 artem
532 1387 665 1459 efficere
691 1382 830 1483 possit]
884 1386 963 1459 Hoc
989 1386 1110 1472 viden,
1137 1386 1224 1457 dum
1250 1407 1297 1455 iar

103 1496 249 1568 breviter
274 1496 443 1568 voluerim
469 1498 603 1581 dicere,
631 1495 762 1567 dictum
780 1522 800 1568 a
818 1520 967 1567 measse
979 1495 1221 1591 pauloobscu·

105 1606 190 1677 rius:
219 1604 281 1676 sed
308 1606 481 1700 experiar,
509 1615 543 1677 et
569 1605 702 1691 dicam,
730 1605 759 1676 si
786 1613 925 1701 potere,
953 1605 1103 1701 planius.

151 1714 280 1785 Omnia
313 1714 403 1800 fere,
438 1739 527 1809 quae
561 1722 644 1798 sunt
669 1714 833 1786 conclusa
858 1738 953 1785 nunc
977 1712 1133 1800 arubae,
1170 1713 1223 1786 di·
1249 1717 1296 1783 42

106 1848 218 1919 sparsa
262 1832 296 1895 et
332 1824 501 1919 dissipata
535 1822 713 1919 quondam
749 1824 913 1909 fuerunt,
950 1822 1053 1895 utin
1079 1824 1223 1895 musicis

106 1934 237 2005 numeri
273 1941 307 2004 et
343 1958 440 2006 voces
475 1941 510 2005 et
544 1932 659 2017 modi,
694 1934 731 2004 iu
766 1934 954 2028 geometria
987 1933 1222 2016 lineamenta,
1280 1981 1284 1987 ,

105 2042 249 2129 formae,
286 2042 487 2129 intervalla,
523 2042 805 2137 magnitudines,
845 2044 880 2113 in
915 2042 1103 2137 astrologia
1136 2041 1223 2114 coeli

106 2152 300 2237 conversio,
336 2159 453 2237 ortus,
488 2151 629 2237 obitus,
669 2160 783 2223 motus
823 2152 996 2235 siderum,
1035 2151 1073 2222 in
1107 2176 1222 2246 gram·

107 2260 236 2333 maticis
282 2269 464 2357 poctarum
504 2262 747 2356 pertractati0‚
786 2260 1009 2332 historiarum
1046 2260 1222 2354 cognitio,

106 2370 286 2442 verborum
324 2370 584 2465 interpretatiO,
621 2370 875 2466 pronuntiandi
913 2369 1056 2465 quidam
1095 2394 1223 2455 sonus,

105 2637 128 2683 in
148 2636 233 2699 quibus
248 2638 314 2685 nihil
328 2636 374 2685 nisi
387 2636 545 2699 negationem
559 2642 639 2685 trans-
689 2638 732 2699 plo
745 2638 776 2685 ad
791 2637 849 2685 Div.
863 2631 923 2684 Vll.
938 2638 967 2693 3,
982 2640 1011 2694 4,
1026 2650 1107 2697 neque
1115 2636 1225 2699 Philipp.

105 2715 179 2778 posui.
212 2717 253 2765 Sic
272 2716 373 2764 demum
386 2715 524 2764 occurritur
538 2716 580 2774 iis,
599 2715 641 2777 qui
690 2718 725 2766 ll.
742 2722 754 2776 §
770 2714 1120 2778 8,nequeDivin.11.§lcl.
1138 2717 1225 2774 Porro,

104 2793 482 2852 fortassecontenderent,istius
496 2794 531 2843 rei
546 2796 640 2843 nullam
690 2811 721 2843 ea
735 2798 807 2842 retiis
817 2797 897 2842 artem
905 2793 1147 2858 qjtcereitadicitur,
1161 2800 1224 2842 tam-

105 2878 176 2922 artem
189 2873 252 2922 effici
267 2887 351 2934 posse.
369 2873 535 2921 Nihilominus
550 2873 641 2922 frustra
690 2873 796 2934 quamsi
812 2886 852 2919 rec
865 2872 922 2920 illae
934 2872 1144 2929 essentmateries,
1159 2872 1225 2933 qnod

104 2952 265 3015 corrigemus,
294 2951 315 2999 si
341 2952 491 3000 concedetur
512 2950 582 3000 nobis
601 2958 639 3000 to·
690 2965 751 3000 are
773 2956 798 3000 et
817 2951 921 3000 veritate
941 2951 1058 2998 alienum.
1093 2953 1225 3012 Quumque

105 3035 153 3077 tum
174 3030 241 3079 hunc
263 3031 349 3078 locum
371 3029 447 3094 (aiiii
465 3031 503 3076 ert
523 3031 587 3078 enim
608 3058 641 3065 —
689 3029 829 3088 subiicitur,
844 3029 1142 3088 decaden—obscurior,
1155 3030 1225 3077 nulla

107 3111 194 3170 efficere
210 3106 308 3171 poerit)
331 3122 383 3156 esse
407 3107 542 3157 insititiam.
584 3109 640 3156 Non
689 3107 772 3157 inilia
786 3109 907 3157 sententia
921 3106 1129 3169 nequebrcvitss,
1144 3122 1225 3169 neque

106 3199 159 3234 sane
171 3188 255 3250 magni
262 3186 383 3234 momenti
392 3192 437 3244 est,
449 3186 515 3248 quod
526 3189 641 3235 Ernestus
690 3185 826 3235 obscuritas
846 3189 940 3236 inerat:
962 3187 1006 3235 scd
1026 3185 1151 3248 aptissime
1165 3185 1226 3234 baec

106 3264 157 3313 ideo
175 3279 231 3314 cum
246 3279 337 3328 parum
352 3266 472 3314 Cicerone
486 3265 589 3328 dignum
603 3265 640 3312 iu·
690 3263 850 3314 subiicientur
863 3266 925 3324 illis,
940 3267 984 3328 qai
995 3265 1226 3328 illoortificioaedi·

106 3343 210 3402 dicabat,
225 3345 295 3407 quod
311 3346 385 3392 Pron.
401 3345 443 3391 ille
457 3348 507 3392 tarn
520 3342 640 3392 breviin·
688 3344 758 3406 qesta
775 3345 912 3406 qeneratim
926 3345 1105 3404 componerent.
1140 3344 1226 3403 Neque

106 3424 204 3470 tervallo
217 3427 333 3471 recurrat
346 3422 507 3486 (quamquam
521 3421 641 3470 nonsatis
691 3420 810 3469 attinebat
829 3423 898 3468 illam
917 3423 1045 3469 rcieatiam
1065 3435 1133 3469 nunc
1147 3422 1226 3482 expli-

107 3501 235 3558 prudenter
250 3500 282 3548 ab
295 3501 422 3550 Ellendtio
430 3500 583 3558 defensum),
598 3500 642 3548 sed
691 3499 756 3555 cari,
778 3501 847 3561 quod
859 3514 917 3547 mox
930 3514 975 3548 suo
990 3501 1045 3548 loco
1059 3506 1084 3548 ct
1098 3500 1227 3560 perspicue

107 3575 130 3622 iu
149 3577 319 3640 compluribus
339 3578 392 3626 aliis
407 3579 540 3626 disceditur
555 3592 569 3625 a
583 3592 642 3626 vera
692 3579 734 3633 fit,
751 3581 762 3635 ξ
780 3579 839 3634 188,
853 3577 908 3625 init.

108 3655 246 3704 enuntiandi
261 3671 359 3704 norma.
395 3657 452 3704 Sine
466 3655 556 3705 idonea
570 3670 643 3703 causa
727 3654 783 3703 187.
801 3657 883 3702 metue
890 3653 1007 3702 riderem.
1018 3655 1229 3716 Vulg.motuaque

109 3733 132 3779 in
145 3733 196 3792 his,
211 3736 256 3796 qui
267 3737 314 3782 illa
327 3735 408 3792 tenet,
424 3740 540 3783 neutrum
547 3736 643 3797 plurale
691 3733 807 3780 siderum.
828 3733 889 3790 Sed,
904 3733 971 3780 utin
985 3732 1086 3794 reliquis
1101 3732 1228 3780 huiusloci

108 3817 218 3861 servatur:
227 3818 291 3871 tum,
298 3813 379 3860 artem
386 3815 519 3860 instituere
527 3813 643 3861 Latinum
692 3810 817 3873 partibus,
831 3812 865 3860 ita
879 3812 920 3858 hic
933 3825 1038 3872 quoque
1044 3810 1228 3872 copulamelius

108 3904 154 3938 uon
175 3898 224 3940 est:
248 3892 366 3952 idemque
384 3892 518 3940 dicendum
540 3892 571 3940 de
589 3891 643 3948 his,
687 3887 769 3958 [abest.

108 3967 190 4017 tabere
201 3971 348 4026 amentiam,
362 3971 480 4017 utartem
487 3972 643 4033 ffcerepor-
685 3957 686 3960 Ἴ
728 3970 952 4030 [tynotaqucndam
960 3968 1163 4030 ——cr'dedantur.]
1173 3971 1229 4018 Nou

107 4045 139 4092 rit
157 4062 188 4095 ea·
201 4049 291 4106 rebem,
310 4047 438 4109 inquibus
453 4039 565 4110 singula,
581 4061 644 4108 quae
692 4052 788 4094 tantum
808 4047 905 4096 inutilia
925 4052 951 4096 ct
970 4049 1075 4096 molesta
1092 4048 1154 4095 adeo
1167 4047 1230 4096 haec

109 4123 189 4172 vitiosa
202 4132 277 4184 sunt,
293 4127 411 4174 notanda.
446 4126 571 4183 Primum,
586 4141 643 4187 syn·
693 4139 746 4173 esse
759 4131 870 4186 apparet,
883 4127 927 4174 sed
934 4141 966 4174 ne
973 4131 1040 4174 recte
1048 4125 1148 4187 quidem
1155 4126 1229 4182 dicta,

109 4203 165 4251 taxis
179 4203 276 4252 haeein
284 4205 345 4252 vitio
353 4210 397 4260 est,
413 4205 643 4261 tetmarieatiam,
693 4204 810 4265 quoniam
830 4219 881 4252 non
901 4219 960 4252 sane
981 4204 1118 4252 crantista
1130 4205 1229 4264 ignota,

109 4281 135 4326 ut
148 4284 229 4340 poema
248 4285 361 4346 efficere,
385 4283 454 4344 quasi
474 4283 541 4332 dicas
558 4283 645 4330 bodera
693 4282 752 4337 sed,
773 4286 801 4330 ut
821 4283 896 4330 modo
916 4281 1057 4342 dicebatur,
1079 4281 1190 4342 diaperea
1207 4281 1232 4326 et

108 4360 230 4408 rcieatiam
234 4361 390 4422 familiaria:
406 4361 504 4410 nullum
511 4360 587 4410 alium
594 4363 644 4409 Ge·
693 4361 831 4420 dissipem
852 4366 949 4422 poterat
968 4375 1066 4422 quoque
1087 4361 1179 4420 difflua
1192 4358 1233 4424 (ut
1272 4385 1275 4390 ·

110 4436 207 4486 nitivum
222 4439 333 4488 admittit
345 4441 461 4496 scientia,
477 4439 524 4488 nisi
536 4440 588 4488 eius
599 4437 643 4486 ob·
695 4440 730 4487 ΙΙ.
746 4443 758 4497 ξ
775 4440 823 4486 142
837 4439 874 4488 ius
888 4439 968 4501 ipsum
983 4439 1055 4486 civile
1070 4437 1188 4498 diffisum
1194 4438 1232 4485 di·

108 4513 168 4572 lecti,
182 4517 208 4564 iu
223 4531 275 4578 quo
288 4522 409 4566 versatur.
428 4518 643 4580 Ipsumporrota·
695 4515 783 4580 citur),
813 4532 863 4566 non
884 4518 943 4566 item
965 4518 1015 4563 late
1037 4517 1144 4577 diffusa,
1165 4517 1233 4577 qnod

110 4589 298 4643 lerercientiom
312 4610 392 4657 neque
407 4595 549 4646 defenditur
561 4609 643 4643 exem·
695 4600 759 4644 esset
779 4597 812 4643 ad
832 4597 909 4644 multa
932 4603 957 4645 et
971 4597 1061 4643 multos
1075 4594 1232 4656 pertinentia.
