3242 5500
503 559 616 610 arasa
643 559 781 611 ramus
808 544 827 624 §
853 543 910 612 50.
1200 506 1269 616 Ι23

142 738 252 818 cunt,
289 731 440 804 afferrmt
473 731 677 828 proprium,
715 733 945 828 compositam
980 736 1194 823 orationem,
1234 744 1269 809 et

142 839 326 928 ornatam,
354 849 389 914 et
412 842 558 915 artificio
583 842 735 939 quodam
756 850 791 915 et
816 843 1029 941 expolitione
1053 844 1266 919 distinctam.

143 951 245 1025 Haec
280 960 399 1024 autem
435 953 566 1039 oratic,
606 954 635 1024 si
671 977 725 1025 res
760 975 832 1026 non
868 954 990 1026 subest
1027 949 1087 1049 [ab
1116 952 1268 1052 oratore]

142 1070 310 1160 percepta
346 1070 381 1135 et
417 1064 582 1158 cognita,
620 1070 682 1135 aut
716 1064 814 1136 nulla
847 1065 893 1136 sit
927 1089 1068 1137 necesse
1101 1072 1174 1151 est,
1211 1073 1272 1138 aut

141 1173 302 1245 omnium
336 1172 495 1245 irrisione
529 1172 681 1246 ludatur.
734 1174 833 1250 Quid
865 1183 918 1247 est
947 1174 1138 1247 animiam
1163 1176 1270 1248 furio-
1314 1189 1343 1234 ⁵1

142 1307 249 1369 sum,
286 1307 392 1379 quam
423 1282 609 1355 verborum
643 1284 698 1355 vel
722 1285 936 1380 optimorum
960 1291 1067 1380 atque
1089 1286 1269 1358 ornatissi-

141 1415 282 1464 morum
307 1393 442 1465 sonitus
464 1392 601 1478 inanis,
628 1393 726 1465 nulla
751 1393 908 1466 subiecta
932 1394 1106 1466 sententia
1123 1418 1187 1468 nec
1205 1396 1270 1468 sei·

141 1503 267 1574 entia?
318 1501 498 1598 Quicquid
522 1502 587 1574 erit
612 1502 745 1598 igitur,
772 1527 993 1599 quacumque
1013 1511 1166 1591 exarte,
1185 1530 1270 1602 quo·

140 1636 295 1708 cumque
329 1613 373 1685 de
406 1635 554 1707 genere,
591 1611 629 1683 id
663 1619 798 1698 orator,
839 1613 890 1699 si,
929 1620 1110 1708 tamquam
1135 1615 1272 1686 clientis

140 1745 304 1808 causam,
332 1721 515 1807 didicerit,
544 1720 636 1793 dicet
661 1721 786 1794 melius
812 1728 847 1793 et
872 1723 1052 1809 ornatiuS,
1080 1748 1189 1820 quam
1212 1725 1272 1796 ille

140 1833 219 1928 ipse
245 1831 319 1903 eius
344 1831 394 1903 rei
418 1831 579 1903 inventor
603 1839 709 1927 atque
733 1830 869 1904 artifex,
915 1832 1008 1904 Nam
1034 1833 1164 1929 siquis
1187 1835 1270 1922 erit,
1315 1849 1346 1894 ⁵2

141 1943 206 2039 qui
240 1941 305 2014 hoc
340 1941 455 2027 dicat,
491 1965 566 2013 esse
602 1941 771 2037 quasdam
799 1948 977 2015 oratorum
1005 1943 1163 2040 proprias
1194 1969 1271 2015 sen-

141 2053 273 2125 tentias
298 2059 404 2148 atque
428 2075 570 2138 causas,
598 2059 633 2122 et
657 2058 830 2124 certarum
847 2074 964 2124 rerum
982 2052 1179 2125 forensibus
1192 2078 1272 2126 ean·

140 2163 242 2235 cellis
268 2162 567 2258 circumscriptam
592 2161 791 2246 scientiam3
819 2160 955 2233 fatebor
978 2162 1142 2258 equidem
1165 2164 1202 2234 in
1217 2163 1272 2234 his

142 2272 258 2367 magis
294 2270 434 2343 assidue
475 2270 602 2343 versari
643 2270 732 2343 hanc
768 2278 924 2343 nostram
961 2271 1171 2346 dictionem:
1211 2272 1272 2344 sed

141 2389 264 2453 tamen
289 2381 326 2452 in
352 2381 406 2452 his
431 2381 518 2476 ipsis
541 2379 646 2453 rebus
670 2380 845 2477 permulta
870 2388 975 2467 sunt,
1002 2406 1091 2478 quae
1116 2381 1176 2454 isti
1200 2407 1271 2453 ma-

142 2489 271 2587 gistri,
298 2489 359 2587 qui
384 2489 547 2563 rhetorici
569 2498 758 2577 vocantur,
780 2515 846 2563 nec
867 2490 1036 2577 tradunt,
1059 2499 1269 2566 necteneut.

143 2600 237 2677 Quis
274 2600 368 2672 enim
404 2601 516 2672 nescit
550 2601 738 2673 maximam
772 2601 843 2672 vim
874 2600 1040 2673 exsistere
1063 2601 1208 2675 oratoris
1233 2602 1270 2673 in

142 2708 330 2783 hominum
367 2708 545 2784 mentibus
580 2711 635 2783 vel
669 2710 714 2783 ad
748 2711 856 2797 iram,
883 2717 944 2784 aut
974 2710 1019 2784 ad
1043 2712 1184 2799 odium,
1210 2720 1271 2785 aut

142 2930 194 2979 dixi
209 2930 241 2978 ad
255 2944 311 2977 aum
324 2931 416 2977 locum.
435 2930 484 2978 Sed
498 2930 546 2979 hoc
559 2928 612 2992 ipso
626 2932 682 2978 loco
733 2933 745 2988 ξ
769 2932 808 2979 56.
853 2931 988 2991 Propterea
1007 2929 1051 2977 ills
1071 2943 1115 2977 aec
1134 2929 1237 2977 scientia
1257 2944 1271 2978 e

141 3009 292 3070 interpolata
323 3012 381 3057 sunt
412 3006 489 3056 verba
513 3009 543 3055 ab
573 3013 681 3056 oratore.
732 3007 899 3071 dittographia
912 3009 1270 3070 ortaessesuspicor—.Mox,

142 3088 262 3136 Nondum
270 3087 393 3135 oratorem
400 3087 500 3145 indicat,
515 3087 681 3135 seduniverse
731 3100 776 3148 pro
798 3101 947 3148 quonamque
960 3088 990 3134 ds
1001 3100 1104 3148 assere,
1119 3086 1270 3149 praeferrem

141 3167 295 3224 cratim,
312 3178 375 3227 quse
389 3166 487 3213 nonita
500 3166 597 3214 laudari
610 3171 679 3228 pote·
732 3180 772 3227 qu.
786 3179 800 3211 e
811 3178 917 3226 uasere.-
930 3179 1007 3226 assus
1019 3166 1101 3227 ipsum
1112 3180 1159 3228 pro
1165 3168 1222 3213 arte
1228 3170 1271 3215 aut

141 3250 197 3302 rat,
212 3244 234 3291 si
247 3244 277 3289 ab
290 3242 372 3305 aliquo
385 3256 427 3291 res
433 3246 556 3305 percepta
569 3246 641 3294 esset.
730 3243 821 3293 studiis
836 3244 945 3305 ponitur.

178 3324 218 3371 51.
237 3324 298 3385 quid
316 3324 355 3370 est
374 3324 446 3371 enim.
483 3325 519 3371 Ut
537 3323 681 3373 innumera·
765 3327 805 3373 53.
824 3323 952 3371 exsistere.
976 3324 1069 3381 Modo,
1085 3327 1098 3381 ξ
1113 3324 1161 3381 48,
1176 3322 1271 3372 dixerat

142 3400 235 3449 bilibus
267 3401 320 3449 aliis
346 3402 423 3459 locis,
451 3402 485 3450 ita
511 3401 552 3450 hio
582 3416 681 3464 quoque
730 3406 839 3451 sectare.

143 3479 201 3529 libri
221 3479 292 3528 multi
309 3485 410 3529 servant
429 3482 534 3529 alterum
553 3483 681 3540 ordinem,
764 3494 842 3543 quare
858 3480 906 3527 nisi
919 3480 961 3542 qui
973 3506 1016 3525 -.
1032 3479 1190 3541 Suscepimus
1209 3493 1267 3527 sou·

143 3558 205 3621 qaid
229 3560 294 3606 esaim
314 3559 367 3616 eat,
392 3572 455 3619 quse
475 3564 599 3621 postrema
619 3560 682 3609 ratio
729 3564 781 3607 tam
801 3558 932 3607 Passeratii
952 3558 1147 3617 correctionem,
1177 3569 1269 3619 quare,

142 3643 197 3686 tum
214 3638 299 3686 valere
313 3637 501 3696 mihividesur,
523 3639 542 3686 si
556 3640 681 3699 quaeritur
731 3652 776 3699 pro
801 3648 871 3699 quoe.
913 3636 1131 3695 nonsummum,
1153 3637 1268 3685 utvide·

125 3717 174 3765 ¹de
195 3716 232 3765 rei
252 3714 409 3773 definitione,
431 3721 459 3765 ut
478 3717 503 3763 in
521 3717 569 3767 hoc
583 3718 680 3766 Senect.
730 3722 784 3775 tur,
812 3714 932 3763 librorum
963 3714 1095 3763 lectionem
1123 3714 1270 3765 defenderat

143 3800 156 3855 5
179 3800 208 3853 5,
233 3796 294 3856 quid
313 3794 378 3842 enim
397 3795 535 3853 astutiori,
555 3796 681 3860 qtyantum
729 3795 778 3842 iam
799 3794 963 3851 Matthaeus,
985 3793 1117 3842 novissime
1139 3794 1269 3843 Pideritius

142 3874 214 3921 modo
240 3874 332 3920 bellare
351 3887 406 3923 cum
425 3874 488 3930 dtis,
510 3874 557 3920 aisa·
576 3876 683 3922 naturae
730 3887 844 3935 quoque,
860 3872 901 3934 qui
915 3872 972 3920 ideo
985 3872 1011 3919 in
1026 3886 1093 3933 seqq.
1110 3873 1269 3934 quodmutari

142 3964 291 4015 repausare.
325 3952 403 4015 Attigi
430 3953 478 4001 hoc
498 3953 630 4001 discrimen
650 3954 681 4001 sd
729 3952 798 4000 iubet
810 3953 837 3999 in
852 3952 939 4014 quoad.
974 3950 1062 4000 Obstat
1076 3951 1190 4012 quodiia
1209 3966 1271 4013 quas

143 4032 225 4095 Leges
240 4032 261 4078 1.
277 4034 289 4089 5
305 4032 353 4087 34,
368 4035 393 4079 et
406 4030 472 4079 alibi.
729 4030 854 4080 obiectum
868 4029 900 4078 sit
912 4043 1013 4078 necesse
1020 4034 1057 4079 est
1063 4028 1134 4078 verbi
1137 4030 1269 4092 perficere,

176 4111 247 4159 aella
259 4110 369 4157 subiecta
382 4110 504 4156 sententia
518 4111 680 4157 accedentia.
730 4112 805 4171 utque
825 4109 869 4157 illo
890 4109 1003 4157 Relativo
1020 4108 1194 4157 contineantur
1207 4123 1270 4169 quse

143 4190 196 4237 Nec
220 4202 265 4249 per
279 4202 305 4236 se
322 4186 424 4249 probari
437 4192 519 4249 potest
532 4193 561 4237 ut
574 4189 679 4237 sceatta
729 4188 897 4250 praecedunt,
912 4186 1027 4245 imitare,
1042 4191 1067 4235 et
1080 4200 1211 4235 revocare.-
1225 4187 1269 4234 sed

143 4272 169 4315 et
188 4266 313 4315 sententia
332 4270 459 4328 tamquam
479 4267 569 4316 diversi
583 4269 680 4331 generis
729 4268 811 4316 neutri
830 4266 921 4315 actioni
942 4265 1059 4314 convenit
1071 4264 1177 4314 verbnm
1189 4266 1267 4322 illud,

143 4362 158 4394 a
179 4361 205 4395 se
225 4346 332 4395 invicem
350 4346 543 4409 distinguantur:
559 4353 598 4404 et,
614 4347 681 4408 qnod
730 4346 846 4407 quonism
866 4358 940 4393 nemo
961 4344 1051 4392 dixerit
1066 4344 1190 4406 perficere
1205 4344 1267 4391 inei-

144 4425 193 4473 hoe
213 4438 313 4485 quoque
330 4425 386 4472 loeo
399 4426 551 4486 postulatur,
565 4425 643 4473 verbis
656 4430 681 4473 et
731 4426 862 4482 tationem,
884 4426 927 4471 sut
940 4422 1124 4470 revocationem.
1159 4423 1267 4479 Contra,

144 4504 250 4552 orationi
277 4518 329 4551 non
355 4502 474 4561 scientia,
496 4504 540 4551 sed
559 4504 681 4551 sententia
731 4500 1267 4566 quodvultperficsreorator‚nihilestaliud,
1366 4546 1370 4551 .

144 4586 240 4632 tantum
261 4582 412 4643 opponenda
432 4586 499 4640 erat,
518 4582 589 4631 sicuti
603 4584 631 4629 fit
644 4584 678 4630 ΙΙ.
730 4583 776 4631 nisi
789 4596 901 4639 causum,
917 4580 1128 4657 quamdeisndst,
1142 4579 1267 4638 obtinere,
