3242 5500
390 556 461 624 354
719 575 831 623 rannus
859 575 1029 628 TERTIUS.
1059 560 1075 638 i
1103 559 1183 626 183.

441 745 536 829 Quid
548 761 668 842 petum
689 747 864 842 praesidi,
891 759 954 820 aut
977 748 1165 843 assequar?
1190 773 1295 844 quove
1318 749 1437 822 nuuc?

390 992 411 1038 a
447 990 517 1062 quo
551 990 697 1039 numero
726 991 869 1038 exorsus
894 975 947 1038 est
970 965 1145 1050 Fannius,
1171 962 1230 1048 Si,
1259 963 1431 1052 dulciter,
1452 951 1541 1039 me

390 1101 456 1148 uas
478 1074 632 1148 illius—.
681 1074 790 1146 Hunc
815 1075 874 1146 illc
897 1075 1062 1147 clausulis
1085 1075 1254 1169 aptiorem
1277 1083 1401 1170 putat,
1428 1100 1518 1170 quas

390 1185 464 1257 vult
487 1185 593 1279 longa
617 1185 825 1281 plerumque
851 1183 983 1278 syllaba
1005 1183 1195 1256 terminari.

314 1297 360 1366 48
435 1296 561 1389 Neque
597 1318 676 1365 vcro
711 1293 795 1364 haec
831 1301 903 1364 tam
938 1317 1052 1364 aerem
1076 1317 1195 1364 curam
1221 1293 1520 1388 diligentiamque

319 1423 365 1467 rar
390 1402 609 1487 desiderant,
649 1427 756 1497 quam
792 1410 846 1474 θεῖ
879 1401 940 1474 illa
976 1409 1175 1496 poetarum,
1214 1426 1301 1497 quos
1325 1403 1519 1474 necessitas

388 1512 503 1606 cogit,
524 1519 558 1583 ct
575 1512 643 1606 ipsi
660 1512 798 1582 numeri
821 1535 860 1582 ac
878 1511 990 1595 modi,
1010 1511 1058 1582 sic
1075 1509 1180 1582 verba
1197 1535 1299 1582 versu
1315 1511 1518 1597 includere,

388 1633 430 1694 ut
451 1622 541 1693 nihil
565 1623 679 1692 sitne
704 1621 832 1717 spiritu
856 1619 1000 1716 quidem
1025 1619 1171 1691 minimo
1195 1619 1334 1692 brevius
1356 1631 1418 1691 aut
1441 1621 1519 1692 lon-

389 1734 469 1827 gius
506 1750 613 1825 quam
638 1754 779 1801 necesse
800 1740 864 1801 est.
916 1728 1076 1800 Liberior
1102 1737 1153 1801 θεῖ
1178 1731 1307 1814 oratic,
1334 1738 1368 1800 et
1393 1729 1518 1825 plane,

389 1849 430 1912 ut
464 1839 613 1924 dicitur,
652 1839 701 1910 sic
735 1850 788 1910 est
829 1834 940 1933 [vere]
982 1839 1111 1922 soluta;
1148 1861 1219 1910 non
1253 1846 1293 1909 ut
1326 1839 1442 1931 fugiat
1467 1848 1517 1910 ta·

389 1973 491 2033 men,
517 1958 711 2034 autemst,
738 1949 800 2020 sed
826 1956 866 2019 ut
892 1948 967 2018 sine
991 1947 1139 2019 vinculis
1162 1947 1230 2020 sibi
1255 1948 1332 2043 ipsa
1356 1947 1516 2019 modere-

387 2066 455 2129 tur.
507 2058 670 2153 Namque
694 2082 760 2152 ego
785 2057 874 2129 illud
896 2057 1067 2128 assentior
1084 2055 1342 2151 TheophrastO,
1370 2057 1435 2152 qui
1452 2082 1515 2152 pu·

388 2176 441 2238 tat
465 2167 678 2252 orationem,
706 2191 795 2262 quae
820 2165 964 2261 quidem
990 2166 1032 2237 sit
1056 2165 1166 2260 polita
1189 2174 1295 2261 atque
1319 2166 1411 2238 facta
1431 2191 1514 2262 quo·

389 2275 597 2374 dammodo,
644 2299 715 2347 non
755 2276 914 2360 astricte,
967 2275 1028 2346 sed
1076 2275 1256 2346 remissius
1293 2299 1514 2347 numerosam

320 2405 365 2451 rsa
390 2409 465 2457 esse
497 2393 667 2480 oportere.
717 2385 878 2468 Etenim,
918 2384 1007 2456 sicut
1042 2383 1101 2455 ille
1130 2385 1348 2479 suspicatur,
1376 2384 1514 2456 existis

389 2494 522 2580 modis,
558 2493 688 2588 quibus
725 2493 781 2565 hio
809 2493 961 2565 usitatus
986 2517 1105 2564 versus
1130 2493 1298 2578 efficitur,
1327 2501 1408 2588 post
1434 2516 1512 2588 ana·

389 2611 549 2699 paestuS,
576 2603 749 2697 procerior
773 2602 919 2696 quidam
944 2626 1131 2686 numerus,
1158 2601 1328 2688 effloruit3
1356 2602 1441 2673 inde
1458 2602 1513 2672 illc

389 2712 548 2785 licentior
581 2720 614 2784 et
647 2712 787 2784 divitior
812 2711 916 2783 fluxit
939 2709 1203 2806 dithyrambos,
1230 2712 1331 2783 cuius
1359 2709 1511 2784 membra

390 2830 424 2893 et
448 2822 575 2917 pedes,
601 2828 641 2893 ut
664 2823 711 2893 ait
735 2821 850 2906 idem,
878 2822 1020 2893 suntin
1046 2821 1142 2892 omni
1167 2820 1335 2916 locupleti
1359 2820 1511 2892 oratione

389 2931 528 3003 diffusa.
588 2931 657 3015 Et,
706 2931 735 3001 si
783 2954 1010 3002 numerosum
1050 2937 1103 3001 cst
1144 2930 1180 3002 in
1218 2930 1386 3003 omnibus
1421 2929 1512 3002 sonis

389 3047 496 3136 atque
530 3039 692 3124 vocibuS,
729 3039 824 3133 quod
858 3038 963 3110 habet
992 3038 1162 3133 quasdam
1185 3039 1452 3133 impressiones,
1477 3046 1510 3108 ct

391 3150 486 3245 quod
511 3148 628 3219 metiri
654 3172 841 3242 possumus
865 3148 1057 3219 intervallis
1081 3146 1308 3243 aequalibus,
1335 3157 1429 3219 recta
1451 3171 1508 3242 ge-

390 3282 458 3329 nus
492 3256 557 3328 hoc
595 3252 877 3351 [numerorum],
914 3257 999 3328 dum
1024 3255 1128 3328 modo
1149 3281 1193 3327 ne
1215 3256 1424 3328 continuum
1448 3256 1509 3340 sit,

392 3367 428 3437 in
450 3367 616 3437 orationis
642 3365 745 3436 laude
766 3372 927 3460 ponetur.
980 3366 1092 3449 Nam,
1120 3364 1149 3435 si
1174 3364 1273 3436 rudis
1297 3373 1332 3436 et
1354 3364 1509 3461 impolita

391 3475 547 3572 putanda
584 3482 637 3545 est
674 3474 734 3544 illa
755 3474 830 3544 sinc
854 3473 1048 3547 intervallis
1073 3472 1265 3568 loquacitas
1289 3476 1449 3570 perennis
1474 3482 1509 3544 et

387 3800 491 3848 fortasse
505 3814 610 3859 quarum
623 3800 661 3845 rat
674 3819 722 3845 -.·
741 3802 769 3847 ut
782 3812 857 3859 supra
870 3812 924 3846 cor·
974 3798 1061 3847 latebit
1090 3800 1157 3847 unde
1183 3799 1274 3847 falsum
1296 3799 1345 3847 hoc
1365 3805 1443 3848 natum
1466 3800 1507 3848 sit,

388 3878 508 3935 reximus,
524 3892 627 3939 quorum
641 3878 924 3925 eatreaeueacerrimua.
1007 3878 1128 3925 assentior
1158 3876 1334 3937 Theophrasto,
1366 3879 1405 3939 qut
1418 3878 1506 3938 putat.

390 3956 429 4005 ef.
444 3957 480 4003 ΙΙ.
495 3960 507 4013 §
523 3956 580 4004 357.
596 3956 646 4002 111.
662 3960 674 4013 ξ
690 3957 746 4003 160.
975 3954 1041 4011 Dixi,
1056 3955 1157 4014 adttit,
1173 3955 1417 4017 corrigendumque,
1430 3970 1508 4016 quarm

423 4035 479 4081 184.
498 4048 546 4081 non
559 4034 588 4079 at
595 4033 685 4096 sapiat
699 4036 788 4082 tamen.
818 4032 925 4097 Elegans
969 4034 1056 4093 putat.

388 4100 426 4161 θεῖ
439 4111 581 4159 Ruhnkenii
594 4112 751 4166 coniectura,
759 4113 843 4173 fluat,
859 4112 925 4173 quod
1009 4113 1065 4159 185.
1081 4125 1158 4171 penae
1171 4112 1215 4159 Ιιοθ
1231 4113 1416 4174 [camerorum]¹
1448 4108 1507 4157 Na-

386 4192 466 4254 ipsnm
481 4195 518 4239 est
532 4194 544 4248 §
561 4191 616 4237 190.
973 4191 1035 4237 meri
1050 4189 1112 4236 nihil
1126 4191 1175 4237 huc
1190 4192 1328 4251 pertinent:
1344 4191 1396 4249 sed,
1410 4188 1452 4247 qui
1466 4188 1508 4236 in·

419 4272 458 4318 eie
471 4272 509 4316 eat
525 4269 604 4329 [vere]
619 4266 709 4314 colata.
731 4267 925 4325 Sed„tumuere
971 4268 1120 4327 terpolavit‚
1149 4268 1260 4329 scripsit,
1288 4271 1374 4328 eredo,
1394 4280 1508 4314 numero·

387 4348 413 4395 h.
435 4350 452 4396 l.
476 4346 638 4408 improprium
660 4350 711 4402 θεῖ,
733 4351 801 4403 tum,
817 4346 890 4394 etiam
904 4346 924 4395 si
972 4360 1036 4399 eum,
1056 4346 1137 4407 ipsum
1151 4345 1274 4395 emblema
1287 4348 1379 4396 inutile.
1462 4408 1465 4414 Ι

388 4431 456 4474 reete
476 4425 613 4480 diceretur,
632 4422 720 4471 inutile
736 4428 838 4485 propter
851 4438 922 4485 prae·
1000 4426 1137 4486 profluens.
1155 4426 1210 4473 Hoc
1224 4426 1347 4475 diversum
1361 4429 1395 4473 θεῖ
1407 4421 1436 4470 ab
1449 4423 1510 4481 illo,

402 4506 441 4552 ed.
459 4505 549 4564 plane:
572 4516 620 4550 nec
636 4499 765 4550 dicebatur
778 4502 856 4549 oratio
869 4514 924 4549 cere
971 4502 1038 4562 quod
1057 4503 1131 4551 modo
1138 4504 1222 4565 fluere
1234 4504 1372 4553 fflcebatm:
1386 4499 1452 4549 conf.
1469 4501 1508 4548 11.

399 4584 481 4639 olata,
501 4582 545 4629 sed
557 4586 654 4629 tantum
669 4582 759 4627 colata.
793 4580 923 4627 Neminem
972 4585 984 4638 §
1001 4582 1040 4628 64.
