3242 5500
354 525 356 529 ⁵
462 561 575 609 ursan
603 560 771 609 rnnrrus
800 542 817 622 t
843 541 902 608 44.
1175 542 1244 610 289

122 731 169 802 sit
203 730 374 826 quaedam
412 743 506 804 certa
531 757 597 805 vox
623 732 774 804 Romani
799 731 938 827 generis
973 730 1139 827 urbisque
1165 756 1243 828 pro·

122 841 219 936 pria,
255 841 293 911 in
327 866 396 937 qua
420 842 510 914 nihil
535 841 688 927 offendi,
712 840 801 913 nihil
826 841 1030 936 displicere,
1056 841 1145 912 nihil
1169 841 1244 912 ani-

121 948 294 1022 madverti
327 953 458 1045 possit,
495 947 601 1045 [nihil
633 974 755 1023 sonare
779 958 839 1021 aut
864 951 956 1021 olere
981 946 1243 1047 peregrinum]

122 1059 215 1131 hanc
253 1084 456 1155 sequamur,
494 1085 610 1156 nequa
647 1061 761 1132 solum
797 1061 965 1145 rusticam
1002 1060 1246 1155 asperitatem,

122 1168 184 1241 sed
232 1169 358 1241 etiarn.
380 1170 602 1266 peregrinam
640 1169 864 1241 insolentiam
901 1169 1022 1263 fugere
1060 1170 1247 1242 discamus.

121 1277 298 1372 Equidem
324 1302 436 1373 quum
460 1278 565 1351 audio
592 1302 728 1351 socrum
745 1304 859 1351 meam
888 1274 1076 1375 [Laeliam]
1099 1279 1250 1366 (facilius
1276 1303 1307 1346 45

122 1386 219 1457 enirn
266 1388 428 1460 mulieres
466 1389 703 1483 incorruptam
738 1388 986 1483 antiquitatem
1023 1397 1249 1475 conservant,

123 1496 242 1590 quod,
268 1498 458 1569 multorum
484 1497 654 1569 sermonis
680 1506 859 1593 expertes,
885 1522 925 1569 ea
948 1505 1070 1570 tenent
1095 1523 1232 1594 semper

122 1629 215 1699 quae
249 1606 362 1701 prima
396 1606 632 1693 didicerunt),
665 1605 828 1677 sedeam
854 1606 903 1677 sic
928 1606 1054 1693 audio,
1081 1617 1122 1679 ut
1145 1609 1249 1681 Plau·

124 1722 202 1785 tum
237 1715 326 1787 mihi
349 1725 412 1788 aut
438 1717 609 1787 Naevium
636 1694 754 1787 videar
778 1714 918 1787 audire:
946 1739 1032 1786 sono
1057 1716 1135 1812 ipso
1158 1719 1251 1791 vocis

15 1892 20 1905 ,
124 1825 175 1895 ita
197 1833 292 1897 recto
318 1833 352 1896 et
378 1825 528 1922 simplici
553 1834 623 1911 est,
650 1834 690 1897 ut
716 1824 805 1895 nihil
831 1826 1074 1897 ostentationis
1094 1835 1155 1899 aut
1172 1828 1251 1899 imi-

124 1933 271 2005 tationis
304 1935 425 2006 afferre
456 1934 629 2007 videatur:
657 1958 700 2005 ex
725 1958 794 2029 quo
821 1933 871 2005 sic
896 1933 1052 2006 locutum
1078 1960 1153 2009 esse
1178 1938 1253 2010 eius

125 2057 265 2137 patrem
290 2043 432 2129 iudice,
457 2044 505 2115 sic
528 2044 694 2128 maiores;
720 2066 791 2113 non
818 2067 950 2138 aspere,
976 2051 1017 2115 ut
1040 2045 1121 2131 ille,
1148 2071 1254 2141 quern

124 2152 222 2237 dixi,
258 2176 328 2223 non
362 2161 475 2237 vaste,
502 2176 572 2223 non
598 2144 745 2236 rustice,
771 2175 842 2224 non
869 2151 1003 2239 hiulce,
1030 2154 1092 2225 scd
1116 2179 1254 2250 presse,

126 2270 163 2333 et
188 2259 439 2356 aequabiliter,
466 2269 499 2333 ct
524 2261 660 2333 leniter.
714 2261 832 2335 Quare
860 2261 964 2332 Cotta
989 2270 1127 2349 noster,
1153 2266 1253 2337 cuius
1280 2284 1311 2326 40

126 2380 169 2442 tu
204 2371 265 2442 illa
299 2371 388 2457 lata,
425 2371 580 2467 Sulpici,
617 2393 882 2465 nonnumquam
916 2370 1085 2458 imitaris,
1111 2381 1152 2445 ut
1176 2374 1255 2447 Iota

125 2481 266 2552 literam
290 2481 412 2567 tollas,
449 2489 483 2551 et
505 2480 534 2550 E
560 2478 804 2575 plenissimum
830 2479 945 2565 dicas,
971 2504 1041 2553 non
1069 2482 1157 2554 mihi
1177 2509 1252 2556 ora·

125 2598 223 2662 tores
236 2590 421 2684 antiquos,
446 2589 507 2661 sed
524 2613 694 2661 messores
712 2589 849 2661 videtur
865 2590 1006 2663 imitari.
1054 2590 1125 2664 Hic
1143 2618 1254 2687 quum

125 2698 300 2770 arrisisset
330 2696 404 2793 ipse
438 2692 632 2795 [Sulpicius
644 2692 670 2793 ,l
708 2698 765 2771 Sic
788 2722 889 2794 agam
913 2698 1113 2787 vobiscum,
1136 2702 1253 2799 inquit

126 2810 299 2894 Crassus,
337 2816 397 2894 ut,
433 2809 599 2904 quoniam
633 2832 690 2880 mc
720 2808 819 2903 loqui
848 2809 1025 2896 voluistiS,
1051 2810 1186 2904 aliquid
1210 2812 1254 2884 de

126 2919 254 2990 vestris
284 2918 376 2990 vitiis
401 2917 562 2990 audiatis.
616 2916 762 2989 Utinam
784 2917 946 3013 quidem!
971 2918 1088 3015 inquit
1112 2921 1192 2994 ille:
1216 2921 1253 2992 id

126 3029 224 3098 enim
260 3028 377 3122 ipsum
409 3027 589 3112 volumus;
621 3025 729 3121 idque
764 3027 794 3098 si
818 3026 961 3114 sacaria,
985 3029 1111 3115 multa,
1135 3039 1176 3103 ut
1199 3056 1253 3103 ar·

126 3137 257 3224 bitror,
295 3136 352 3208 hic
386 3135 490 3207 hodie
526 3136 610 3207 vitia
644 3159 827 3231 ponemus,
880 3134 929 3208 At
963 3137 1057 3210 enim
1085 3162 1155 3210 non
1179 3141 1254 3212 sine
1281 3162 1312 3214 ar

128 3271 209 3318 meo
234 3245 410 3341 pericula,
438 3244 585 3316 Crassus
608 3243 745 3340 inquit,
771 3267 935 3340 possum,
963 3247 1117 3344 Sulpici,
1140 3258 1176 3322 te
1200 3275 1252 3321 re·

128 3567 159 3612 at
180 3564 274 3612 nattam
286 3561 475 3610 ostentationem
488 3562 534 3608 aut
546 3563 610 3610 imit.
624 3562 666 3623 as·
750 3564 791 3614 47.
808 3565 869 3611 mitri
889 3589 922 3599 -—
941 3564 1102 3613 simillimam.
1137 3569 1177 3616 An
1191 3569 1256 3616 mei?

123 3644 203 3704 serre
223 3641 346 3691 videatur.
388 3639 521 3698 Quaeritur
548 3640 602 3700 quis
629 3640 665 3688 at·
717 3641 791 3690 Cont.
819 3641 959 3704 Madvigius
986 3643 1019 3692 ad
1045 3643 1099 3691 rin.
1126 3646 1157 3693 V.
1178 3650 1191 3704 §
1215 3649 1253 3695 12.

128 3723 210 3770 terat?
246 3719 347 3776 Laelia,
362 3733 394 3766 an
407 3719 475 3767 vocis
492 3721 584 3766 sonus?
619 3719 668 3767 Sed
717 3735 743 3781 p.
758 3721 814 3768 633.

129 3815 210 3864 nego,
226 3803 269 3847 aut
282 3798 484 3854 ostentationem,
499 3797 668 3845 autimttatio-
752 3800 804 3845 tarn
818 3798 861 3845 ille
875 3798 927 3846 tam
942 3799 1008 3860 qaod
1019 3801 1122 3848 mouit.
1140 3801 1255 3864 Expressi

130 3893 186 3926 nm
200 3879 290 3939 afferri
304 3890 384 3938 posse.
403 3878 439 3924 Ut
449 3874 669 3932 verboabsolvam3
718 3876 829 3924 omnium
836 3877 889 3925 fere
897 3876 1015 3925 librorum
1022 3879 1164 3937 lectionem,
1172 3895 1256 3942 quam-

130 3957 249 4019 quoniam
263 3956 295 4004 de
308 3953 676 4016 incorruptoetsimplicivocis'
719 3969 792 4016 quam
821 3961 905 4016 aperte
928 3955 1049 4006 vitiosam.
1092 3959 1172 4007 Unius
1192 3962 1255 4010 cod.

130 4025 192 4084 sono
214 4040 240 4084 et
260 4033 461 4096 pronuntiatione
481 4033 575 4096 agitur,
593 4032 671 4080 corri-
719 4047 767 4095 ope
781 4032 918 4082 Lambinus
930 4033 965 4082 sic
978 4029 1134 4094 correxerat,
1149 4040 1177 4085 ta
1190 4053 1255 4098 aero,

131 4115 242 4178 gendum
263 4117 315 4170 est,
333 4115 363 4160 at
377 4111 440 4159 nihil
451 4112 614 4160 ostentatione
627 4112 672 4160 aot
719 4112 801 4174 inquit
827 4113 884 4170 itte,
913 4114 1025 4174 quoniam
1044 4116 1156 4164 maaoitr
1181 4132 1255 4178 quam

131 4193 273 4242 imitatione
291 4191 378 4252 efferri
397 4189 521 4246 videatur,
542 4189 560 4238 i.
574 4205 598 4238 e.
612 4205 671 4252 pro·
720 4189 899 4240 correctionem
913 4192 1038 4240 novissimi
1052 4194 1166 4242 Editores
1178 4197 1255 4246 secuti

132 4272 202 4336 gredi
223 4272 289 4319 ultra
308 4268 350 4327 id,
371 4269 438 4330 quod
452 4269 552 4325 deceat,
568 4274 593 4317 et
605 4269 672 4330 quod
720 4273 787 4318 sunt.
821 4269 871 4317 Sed
889 4269 916 4317 in
933 4269 980 4317 hac
992 4272 1145 4321 correctione
1159 4274 1187 4320 ta
1200 4289 1256 4324 aero

131 4356 228 4400 rectum
241 4348 311 4398 sitin
323 4348 516 4410 pronuntiando.
720 4347 859 4396 necessario
878 4348 1029 4409 explendum
1056 4355 1108 4406 est,
1124 4352 1198 4410 potes
1216 4369 1255 4401 me

159 4431 209 4478 aa.
227 4428 268 4476 hic
281 4441 356 4488 quam
369 4427 497 4475 arrisisset
509 4429 561 4489 ipae
576 4427 672 4490 [Satiri-
719 4429 773 4474 sine
794 4427 910 4487 periculo
939 4429 982 4475 toa
1007 4429 1202 4488 reprehendam
1228 4433 1255 4480 id

133 4507 220 4567 cias.],
238 4505 388 4554 Tollendum
397 4506 612 4568 Nomproprium.
625 4505 673 4554 Hic
721 4506 788 4566 quod
807 4519 888 4566 neque
908 4520 923 4553 e
942 4506 1064 4554 sententia
1084 4507 1185 4569 Sulpicii
1202 4525 1256 4560 esse

134 4587 275 4633 Pronomen
288 4589 333 4640 est,
342 4587 366 4630 et
374 4583 548 4644 adSulpicium
556 4584 670 4632 refertur.
721 4583 831 4639 videtur,
852 4598 933 4645 neque
953 4585 1112 4632 confirmatur
1131 4590 1255 4648 sequenti·

1032 4673 1061 4720 19
