3242 5500
506 562 617 609 ranna
644 562 814 611 scurrus
843 546 860 625 1
887 545 919 613 7.
1001 554 1010 563 “
1206 546 1276 615 273

148 755 240 827 quae
277 732 394 803 medio
431 732 467 805 in
506 736 620 830 spatio
656 760 758 831 saepe
793 736 1004 831 franguntur
1032 743 1066 808 et
1084 744 1274 822 corruunt,

147 850 209 915 aut
239 848 321 913 ante
350 842 387 914 in
418 842 494 937 ipso
524 869 630 916 cursu
654 845 872 930 obruuntur,
899 870 1006 940 quarn
1031 856 1171 941 portum
1192 870 1273 917 con·

147 950 281 1045 spicere
309 959 510 1047 potuerunt.
565 956 677 1041 Nam,
705 956 876 1050 quamdiu
899 956 1016 1027 Crassi
1041 956 1110 1028 fuit
1134 954 1273 1027 ambiti-

146 1062 224 1131 onis
248 1060 366 1132 labore
391 1062 461 1135 vita
483 1050 660 1150 districta,
687 1065 825 1137 tamdiu
849 1065 993 1159 privatis
1017 1066 1128 1161 magis
1151 1066 1274 1137 officiis

145 1178 180 1241 ct
223 1170 360 1265 ingenii
399 1171 502 1243 laude
537 1172 676 1259 floruit,
716 1199 822 1269 quam
859 1174 977 1245 fructu
1009 1174 1273 1269 amplitudinis,

143 1288 205 1350 aut
232 1280 467 1375 reipublicae
492 1281 684 1376 dignitate:
712 1284 774 1378 qui
797 1290 915 1354 autem
937 1307 1051 1355 annus
1083 1285 1115 1355 ei
1139 1284 1273 1378 primus

143 1388 187 1459 ab
227 1388 400 1460 honorum
437 1391 679 1485 perfunctione
715 1392 871 1477 aditum,
903 1393 1059 1464 omnium
1085 1417 1271 1478 concessu,

142 1496 187 1567 ad
224 1522 398 1570 summam
433 1501 676 1573 auctoritatem
710 1500 834 1588 dabat,
861 1502 891 1573 is
916 1491 991 1573 eius
1014 1525 1154 1573 omnem
1175 1526 1272 1597 spem

141 1614 247 1703 atque
284 1609 403 1680 omnia
437 1610 526 1680 vitae
563 1611 708 1682 consilia
734 1620 846 1683 morte
871 1612 1046 1706 pervertit.
1098 1612 1181 1682 Fuit
1207 1611 1311 1682 hocs

141 1716 344 1789 luctuosum
380 1718 472 1803 suia,
511 1719 675 1791 acerbum
711 1720 865 1815 patriae,
900 1744 1004 1815 grave
1030 1719 1133 1793 bonis
1158 1721 1269 1791 omni-

140 1825 227 1897 bus:
269 1827 331 1899 sed
365 1827 390 1899 ii
423 1826 540 1900 tamen
579 1830 629 1901 rei
653 1828 817 1924 publicae
840 1854 941 1902 casus
968 1830 1079 1901 secuti
1101 1837 1204 1915 sunt,
1230 1839 1270 1901 ut

141 1935 229 2007 mihi
246 1961 315 2007 11611
334 1945 452 2033 erepta
469 1937 510 2009 L.
549 1938 675 2011 Crasso
692 1963 712 2009 1
729 1940 808 2011 Diis
827 1939 1084 2011 immortalibus
1101 1939 1188 2025 vita,
1207 1939 1268 2011 sed

140 2046 270 2118 donata
295 2071 387 2119 mors
411 2072 485 2120 esse
511 2048 678 2120 videatur.
732 2050 814 2120 Non
837 2049 926 2120 vidit
949 2049 1159 2144 flagrantem
1176 2048 1268 2119 bello

140 2156 299 2241 Italiam,
338 2182 408 2228 non
441 2158 622 2229 ardentem
657 2157 791 2229 invidia
826 2166 1005 2243 senatum,
1034 2182 1104 2229 non
1130 2157 1268 2230 sceleris

141 2266 268 2337 nefarii
297 2267 473 2362 principes
504 2268 653 2340 civitatis
676 2291 774 2353 reos,
801 2292 871 2338 non
898 2267 1031 2339 luctum
1057 2267 1169 2351 filiae,
1195 2291 1265 2337 non

138 2375 302 2447 exsilium
340 2376 481 2470 generi,
518 2401 588 2449 non
625 2376 885 2449 acerbissimam
923 2377 963 2448 C.
995 2377 1101 2448 Marii
1124 2376 1265 2471 fugam,

138 2509 209 2556 non
241 2484 337 2557 illam
363 2494 443 2581 post
467 2486 621 2558 reditum
647 2487 721 2559 eius
747 2488 889 2559 caedem
914 2487 1072 2557 omnium
1098 2485 1265 2557 crudelis·

138 2596 285 2679 simam,
320 2620 391 2667 non
422 2596 575 2692 denique
600 2597 635 2668 in
662 2597 760 2668 omni
783 2620 912 2691 genere
937 2596 1166 2667 deformatam
1190 2620 1265 2667 eam

137 2704 336 2790 civitatem,
373 2705 410 2777 in
446 2730 515 2801 qua
550 2706 626 2803 ipse
655 2696 898 2779 florentissima
923 2706 1075 2779 multum
1100 2704 1266 2778 omnibus

137 2815 250 2910 gloria
272 2815 513 2910 praestitisset.

186 2925 250 3010 Et,
276 2925 442 3019 quoniam
467 2924 571 3020 attigi
595 2927 805 3021 cogitatione
832 2926 902 2996 vim
914 2926 1185 3019 varietatemque
1196 2924 1263 2995 lor·
1291 2929 1312 2996 3

137 3043 261 3120 tunae,
288 3057 359 3104 non
378 3034 563 3130 vagabitur
579 3035 793 3138 oratioflmea
817 3035 975 3130 longina,
1002 3043 1108 3129 atque
1131 3035 1179 3133 iis
1193 3034 1264 3104 lere
1289 3057 1303 3098 a

136 3142 223 3238 ipsis
262 3143 451 3215 definietur
487 3145 588 3230 viria,
625 3147 687 3240 qui
712 3144 777 3216 boc
803 3169 982 3230 sermone,
1009 3169 1115 3239 quem
1136 3144 1263 3214 referre

136 3253 337 3348 coepimm,
374 3255 608 3327 continentur.
650 3255 753 3342 ,Quis
789 3254 884 3326 enim
919 3278 990 3324 non
1025 3253 1100 3325 1616
1124 3253 1263 3325 beatam

136 3361 177 3434 L.
199 3362 318 3434 Crassi
336 3371 485 3436 mortem
503 3364 618 3450 illam,
646 3389 736 3459 quae
754 3371 806 3435 est
824 3388 844 3434 a
862 3362 983 3434 multis
1001 3387 1103 3457 saepe
1120 3362 1263 3449 defleta,

141 3543 435 3551 *ma-..aunan

170 3647 193 3693 7.
212 3647 237 3692 et
257 3648 316 3692 ante
332 3644 424 3705 inipso
438 3658 512 3692 carra
526 3646 672 3693 obruantur.
723 3645 802 3693 tivum
816 3643 1020 3704 comparationis,
1042 3643 1058 3690 i.
1076 3658 1097 3690 6.
1113 3644 1263 3705 amplitudo,

137 3722 674 3784 Nonaccipioemendationem‚quamlibris
723 3729 847 3784 tamquam
861 3721 966 3769 fructus.
1002 3721 1094 3770 Simiria
1109 3722 1263 3772 dicunturde

137 3801 263 3850 nonnullis
280 3816 306 3850 16
321 3801 412 3850 debere
427 3804 556 3863 profitetur
570 3803 672 3850 Ellend-
724 3801 849 3849 Hortensii
865 3806 956 3857 morte,
970 3800 996 3846 in
1012 3799 1112 3848 exordio
1128 3801 1206 3849 Bruti.

136 3881 182 3928 tius
209 3879 345 3942 (probante
373 3880 508 3944 Kaysero),
530 3885 557 3929 61
577 3883 673 3944 legatur
756 3881 836 3927 morte
844 3880 979 3939 pervertit.
998 3879 1180 3942 corrigendum
1193 3887 1263 3942 puto,

136 3960 180 4004 ant
198 3961 266 4006 ante.
309 3958 412 4006 Minime
436 3958 498 4006 haee
518 3959 673 4022 distinguun·
723 3959 821 4004 eventii.
1162 3987 1178 4015 e

136 4043 200 4084 tura
214 4037 363 4097 praeeedd.‚
386 4051 449 4098 quae
462 4037 521 4085 hinc
535 4039 616 4099 potius
630 4052 673 4086 va·
757 4040 780 4086 8.
800 4037 831 4082 inv
848 4049 896 4097 qua
915 4037 967 4097 ipse
983 4063 1017 4071 -
1028 4038 1109 4101 pluria
1117 4038 1263 4096 praestitia-

137 4115 244 4163 riationis
259 4117 386 4162 cumulum
400 4116 532 4176 accipiunt.
722 4118 769 4162 set.
803 4116 939 4176 Pcrperam
951 4115 976 4163 in
990 4115 1084 4176 aliquot
1100 4115 1168 4162 libris
1183 4117 1264 4176 pluria

168 4210 242 4258 qaam
255 4193 352 4252 fracta
371 4195 559 4254 amplitudinis,
581 4197 625 4242 ant
639 4195 675 4241 rei
724 4191 852 4241 omittitur.
876 4194 914 4241 116
926 4194 1007 4256 pluria
1016 4195 1148 4252 praestare
1160 4193 1265 4241 recurrit

133 4274 245 4332 publicae
274 4274 405 4336 dignitate.
439 4275 496 4321 Duo
516 4273 559 4320 illa
579 4273 614 4321 sic
638 4273 674 4320 di·
723 4271 1228 4332 16111611103.0661.16616,Ι.51.
1257 4306 1259 4309 .

137 4353 307 4415 stinguuntur,
330 4357 357 4399 ut
370 4351 515 4410 'amplitudo
540 4352 571 4399 ad
596 4352 675 4400 Crassi
699 4339 702 4438 l
760 4353 783 4398 9.
802 4349 1034 4412 attipicopitationa.
1052 4348 1153 4405 Dubito,
1165 4363 1196 4395 an
1205 4363 1262 4409 pro-

136 4430 274 4488 fortunam,
298 4431 407 4490 dignitas
426 4434 508 4478 autam
527 4430 559 4477 ad
573 4429 677 4478 civitatis
700 4439 702 4474 r
726 4429 778 4490 pric
792 4429 897 4476 dicatur.
923 4427 1070 4484 Probarem‚
1084 4428 1262 4474 recordatione.

137 4514 224 4557 statum
250 4516 275 4556 61
300 4508 377 4556 otium
402 4508 531 4557 referatur.
581 4509 676 4556 Dicitur
700 4479 702 4568 l
760 4507 860 4568 referre
880 4509 1008 4568 coepimus.
1042 4505 1148 4554 Defendi
1166 4506 1264 4554 videtur

138 4595 217 4635 autem
235 4587 343 4646 fructas
357 4587 528 4646 amplitudinis
542 4603 586 4647 por
602 4587 675 4635 Geni·
700 4611 701 4616 =
728 4588 845 4641 alterum,
874 4587 1036 4644 mancepimaa,
1054 4584 1127 4632 simili
1141 4585 1213 4642 loco,
1228 4585 1264 4635 ll.

1041 4674 1069 4718 18
