<?xml version="1.0" encoding="UTF-8"?>
<!DOCTYPE html PUBLIC "-//W3C//DTD XHTML 1.0 Transitional//EN"
    "http://www.w3.org/TR/xhtml1/DTD/xhtml1-transitional.dtd">
<html xmlns="http://www.w3.org/1999/xhtml" xml:lang="en" lang="en">
 <head>
  <title>
</title>
<meta http-equiv="Content-Type" content="text/html;charset=utf-8" />
  <meta name='ocr-system' content='tesseract 3.04.00' />
  <meta name='ocr-capabilities' content='ocr_page ocr_carea ocr_par ocr_line ocrx_word'/>
</head>
<body>
  <div class='ocr_page' id='page_1' title='image "./mtulliiciceroni01bakegoog_0320.png"; bbox 0 0 3242 5500; ppageno 0'>
   <div class='ocr_carea' id='block_1_1' title="bbox 382 573 1162 655">
    <p class='ocr_par' dir='ltr' id='par_1_1' title="bbox 382 573 1162 655">
     <span class='ocr_line' id='line_1_1' title="bbox 382 573 1162 655; baseline -0.001 -13"><span class='ocrx_word' id='word_1_1' title='bbox 382 573 453 642; x_wconf 82' lang='lat'>300</span> <span class='ocrx_word' id='word_1_2' title='bbox 722 592 835 643; x_wconf 84' lang='lat' dir='ltr'>maun</span> <span class='ocrx_word' id='word_1_3' title='bbox 861 592 1030 642; x_wconf 79' lang='lat' dir='ltr'>ruamus.</span> <span class='ocrx_word' id='word_1_4' title='bbox 1060 575 1077 655; x_wconf 80' lang='lat'>§</span> <span class='ocrx_word' id='word_1_5' title='bbox 1104 574 1162 642; x_wconf 92' lang='grc'>63.</span> 
     </span>
    </p>
   </div>
   <div class='ocr_carea' id='block_1_2' title="bbox 329 761 1603 2497">
    <p class='ocr_par' dir='ltr' id='par_1_2' title="bbox 329 761 1603 2497">
     <span class='ocr_line' id='line_1_2' title="bbox 381 761 1492 859; baseline 0.004 -25"><span class='ocrx_word' id='word_1_6' title='bbox 381 761 474 859; x_wconf 89' lang='lat' dir='ltr'>cepit</span> <span class='ocrx_word' id='word_1_7' title='bbox 506 761 738 857; x_wconf 81' lang='lat' dir='ltr'>patrocinium</span> <span class='ocrx_word' id='word_1_8' title='bbox 774 762 984 858; x_wconf 86' lang='lat' dir='ltr'>voluptatis,</span> <span class='ocrx_word' id='word_1_9' title='bbox 1021 764 1088 836; x_wconf 89' lang='lat' dir='ltr'>etsi</span> <span class='ocrx_word' id='word_1_10' title='bbox 1124 764 1181 835; x_wconf 92' lang='lat' dir='ltr'>cui</span> <span class='ocrx_word' id='word_1_11' title='bbox 1214 788 1295 835; x_wconf 90' lang='lat' dir='ltr'>vera</span> <span class='ocrx_word' id='word_1_12' title='bbox 1323 764 1492 851; x_wconf 86' lang='lat' dir='ltr'>videatm,</span> 
     </span>
     <span class='ocr_line' id='line_1_3' title="bbox 382 869 1490 970; baseline 0.003 -27"><span class='ocrx_word' id='word_1_13' title='bbox 382 870 503 968; x_wconf 89' lang='lat' dir='ltr'>procul</span> <span class='ocrx_word' id='word_1_14' title='bbox 527 869 626 942; x_wconf 88' lang='lat' dir='ltr'>abest</span> <span class='ocrx_word' id='word_1_15' title='bbox 650 880 766 943; x_wconf 90' lang='lat' dir='ltr'>tamen</span> <span class='ocrx_word' id='word_1_16' title='bbox 793 871 837 944; x_wconf 91' lang='lat' dir='ltr'>ab</span> <span class='ocrx_word' id='word_1_17' title='bbox 863 897 903 944; x_wconf 90' lang='lat' dir='ltr'>eo</span> <span class='ocrx_word' id='word_1_18' title='bbox 929 873 1022 958; x_wconf 91' lang='lat' dir='ltr'>viro,</span> <span class='ocrx_word' id='word_1_19' title='bbox 1048 897 1154 967; x_wconf 90' lang='lat' dir='ltr'>quem</span> <span class='ocrx_word' id='word_1_20' title='bbox 1183 874 1408 969; x_wconf 80' lang='lat' dir='ltr'>quaerimus,</span> <span class='ocrx_word' id='word_1_21' title='bbox 1436 870 1490 970; x_wconf 81' lang='lat' dir='ltr'>[ct]</span> 
     </span>
     <span class='ocr_line' id='line_1_4' title="bbox 382 980 1603 1077; baseline 0.004 -26"><span class='ocrx_word' id='word_1_22' title='bbox 382 1005 488 1077; x_wconf 92' lang='lat' dir='ltr'>quem</span> <span class='ocrx_word' id='word_1_23' title='bbox 523 987 699 1052; x_wconf 83' lang='lat' dir='ltr'><strong>auctorem</strong></span> <span class='ocrx_word' id='word_1_24' title='bbox 732 980 867 1077; x_wconf 87' lang='lat' dir='ltr'>publici</span> <span class='ocrx_word' id='word_1_25' title='bbox 902 982 1060 1069; x_wconf 89' lang='lat' dir='ltr'>consilii,</span> <span class='ocrx_word' id='word_1_26' title='bbox 1097 990 1132 1054; x_wconf 90' lang='lat' dir='ltr'>et</span> <span class='ocrx_word' id='word_1_27' title='bbox 1157 982 1332 1077; x_wconf 87' lang='lat' dir='ltr'>regendae</span> <span class='ocrx_word' id='word_1_28' title='bbox 1356 984 1493 1056; x_wconf 90' lang='lat' dir='ltr'>civitatis</span> <span class='ocrx_word' id='word_1_29' title='bbox 1598 983 1603 1074; x_wconf 71' lang='lat' dir='ltr'>j</span> 
     </span>
     <span class='ocr_line' id='line_1_5' title="bbox 382 1086 1492 1189; baseline 0.004 -28"><span class='ocrx_word' id='word_1_30' title='bbox 382 1089 526 1175; x_wconf 88' lang='lat' dir='ltr'>ducem,</span> <span class='ocrx_word' id='word_1_31' title='bbox 554 1097 589 1161; x_wconf 90' lang='lat' dir='ltr'>et</span> <span class='ocrx_word' id='word_1_32' title='bbox 615 1091 809 1163; x_wconf 87' lang='lat' dir='ltr'>sententiae</span> <span class='ocrx_word' id='word_1_33' title='bbox 836 1086 959 1187; x_wconf 87' lang='lat' dir='ltr'>[atque</span> <span class='ocrx_word' id='word_1_34' title='bbox 983 1087 1219 1187; x_wconf 81' lang='lat' dir='ltr'>eloquentiae]</span> <span class='ocrx_word' id='word_1_35' title='bbox 1246 1090 1492 1189; x_wconf 69' lang='lat' dir='ltr'>princip&#39;emin</span> 
     </span>
     <span class='ocr_line' id='line_1_6' title="bbox 383 1199 1491 1297; baseline 0.003 -28"><span class='ocrx_word' id='word_1_36' title='bbox 383 1207 527 1284; x_wconf 80' lang='lat' dir='ltr'>senata,</span> <span class='ocrx_word' id='word_1_37' title='bbox 565 1199 601 1269; x_wconf 91' lang='lat' dir='ltr'>in</span> <span class='ocrx_word' id='word_1_38' title='bbox 639 1200 789 1297; x_wconf 92' lang='lat' dir='ltr'>populo,</span> <span class='ocrx_word' id='word_1_39' title='bbox 828 1200 866 1272; x_wconf 93' lang='lat' dir='ltr'>in</span> <span class='ocrx_word' id='word_1_40' title='bbox 903 1202 1018 1273; x_wconf 89' lang='lat' dir='ltr'>causis</span> <span class='ocrx_word' id='word_1_41' title='bbox 1053 1200 1206 1297; x_wconf 88' lang='lat' dir='ltr'>puhlicis</span> <span class='ocrx_word' id='word_1_42' title='bbox 1231 1204 1491 1275; x_wconf 89' lang='lat' dir='ltr'>essevolumus.</span> 
     </span>
     <span class='ocr_line' id='line_1_7' title="bbox 383 1307 1492 1405; baseline 0.005 -28"><span class='ocrx_word' id='word_1_43' title='bbox 383 1308 459 1378; x_wconf 92' lang='lat' dir='ltr'>Nec</span> <span class='ocrx_word' id='word_1_44' title='bbox 494 1307 567 1379; x_wconf 89' lang='lat' dir='ltr'>nlla</span> <span class='ocrx_word' id='word_1_45' title='bbox 602 1314 719 1379; x_wconf 87' lang='lat' dir='ltr'>tamen</span> <span class='ocrx_word' id='word_1_46' title='bbox 752 1310 784 1381; x_wconf 89' lang='lat' dir='ltr'>ci</span> <span class='ocrx_word' id='word_1_47' title='bbox 819 1308 1062 1405; x_wconf 81' lang='lat' dir='ltr'>philosophiae</span> <span class='ocrx_word' id='word_1_48' title='bbox 1096 1311 1158 1384; x_wconf 89' lang='lat' dir='ltr'>fiet</span> <span class='ocrx_word' id='word_1_49' title='bbox 1186 1311 1316 1383; x_wconf 86' lang='lat' dir='ltr'>iniuria</span> <span class='ocrx_word' id='word_1_50' title='bbox 1339 1336 1361 1383; x_wconf 92' lang='lat' dir='ltr'>a</span> <span class='ocrx_word' id='word_1_51' title='bbox 1384 1311 1492 1383; x_wconf 90' lang='lat' dir='ltr'>nobis:</span> 
     </span>
     <span class='ocr_line' id='line_1_8' title="bbox 384 1417 1493 1516; baseline 0.003 -30"><span class='ocrx_word' id='word_1_52' title='bbox 384 1440 454 1487; x_wconf 94' lang='lat' dir='ltr'>non</span> <span class='ocrx_word' id='word_1_53' title='bbox 485 1417 578 1489; x_wconf 90' lang='lat' dir='ltr'>enim</span> <span class='ocrx_word' id='word_1_54' title='bbox 608 1417 797 1513; x_wconf 82' lang='lat' dir='ltr'>repelletur</span> <span class='ocrx_word' id='word_1_55' title='bbox 822 1420 925 1505; x_wconf 92' lang='lat' dir='ltr'>inde,</span> <span class='ocrx_word' id='word_1_56' title='bbox 952 1444 1023 1515; x_wconf 91' lang='lat' dir='ltr'>quo</span> <span class='ocrx_word' id='word_1_57' title='bbox 1046 1420 1193 1515; x_wconf 85' lang='lat' dir='ltr'>aggredi</span> <span class='ocrx_word' id='word_1_58' title='bbox 1216 1421 1356 1516; x_wconf 92' lang='lat' dir='ltr'>cupiet,</span> <span class='ocrx_word' id='word_1_59' title='bbox 1384 1420 1493 1492; x_wconf 90' lang='lat' dir='ltr'>sedin</span> 
     </span>
     <span class='ocr_line' id='line_1_9' title="bbox 384 1524 1601 1621; baseline 0.002 -26"><span class='ocrx_word' id='word_1_60' title='bbox 384 1524 533 1598; x_wconf 87' lang='lat' dir='ltr'>hortulis</span> <span class='ocrx_word' id='word_1_61' title='bbox 568 1526 723 1621; x_wconf 87' lang='lat' dir='ltr'>quiescet</span> <span class='ocrx_word' id='word_1_62' title='bbox 756 1528 849 1614; x_wconf 89' lang='lat' dir='ltr'>suis,</span> <span class='ocrx_word' id='word_1_63' title='bbox 885 1528 949 1601; x_wconf 93' lang='lat' dir='ltr'>ubi</span> <span class='ocrx_word' id='word_1_64' title='bbox 979 1528 1072 1614; x_wconf 89' lang='lat' dir='ltr'>vult;</span> <span class='ocrx_word' id='word_1_65' title='bbox 1107 1528 1172 1602; x_wconf 92' lang='lat' dir='ltr'>uhi</span> <span class='ocrx_word' id='word_1_66' title='bbox 1205 1530 1312 1601; x_wconf 86' lang='lat' dir='ltr'>etiam</span> <span class='ocrx_word' id='word_1_67' title='bbox 1336 1529 1495 1601; x_wconf 88' lang='lat' dir='ltr'>recubans</span> <span class='ocrx_word' id='word_1_68' title='bbox 1598 1543 1601 1621; x_wconf 50' lang='grc' dir='ltr'><em>ς</em></span> 
     </span>
     <span class='ocr_line' id='line_1_10' title="bbox 384 1633 1495 1724; baseline 0.003 -20"><span class='ocrx_word' id='word_1_69' title='bbox 384 1633 536 1706; x_wconf 91' lang='lat' dir='ltr'>molliter</span> <span class='ocrx_word' id='word_1_70' title='bbox 569 1643 604 1706; x_wconf 94' lang='lat' dir='ltr'>et</span> <span class='ocrx_word' id='word_1_71' title='bbox 635 1634 783 1708; x_wconf 89' lang='lat' dir='ltr'>delicate</span> <span class='ocrx_word' id='word_1_72' title='bbox 812 1661 877 1708; x_wconf 93' lang='lat' dir='ltr'>nos</span> <span class='ocrx_word' id='word_1_73' title='bbox 902 1645 1022 1710; x_wconf 86' lang='lat' dir='ltr'>avocat</span> <span class='ocrx_word' id='word_1_74' title='bbox 1046 1662 1067 1709; x_wconf 87' lang='lat' dir='ltr'>a</span> <span class='ocrx_word' id='word_1_75' title='bbox 1090 1638 1230 1724; x_wconf 74' lang='lat' dir='ltr'>rostriS,</span> <span class='ocrx_word' id='word_1_76' title='bbox 1256 1663 1275 1709; x_wconf 86' lang='lat' dir='ltr'>a</span> <span class='ocrx_word' id='word_1_77' title='bbox 1302 1637 1457 1723; x_wconf 91' lang='lat' dir='ltr'>iudiciis,</span> <span class='ocrx_word' id='word_1_78' title='bbox 1478 1662 1495 1707; x_wconf 88' lang='lat' dir='ltr'>a</span> 
     </span>
     <span class='ocr_line' id='line_1_11' title="bbox 384 1734 1601 1843; baseline 0.003 -29"><span class='ocrx_word' id='word_1_79' title='bbox 384 1743 500 1828; x_wconf 92' lang='lat' dir='ltr'>curia,</span> <span class='ocrx_word' id='word_1_80' title='bbox 537 1734 695 1815; x_wconf 81' lang='lat' dir='ltr'>fortasse</span> <span class='ocrx_word' id='word_1_81' title='bbox 720 1745 913 1840; x_wconf 90' lang='lat' dir='ltr'>sapienter,</span> <span class='ocrx_word' id='word_1_82' title='bbox 953 1746 1016 1819; x_wconf 87' lang='lat' dir='ltr'>hac</span> <span class='ocrx_word' id='word_1_83' title='bbox 1052 1747 1255 1843; x_wconf 87' lang='lat' dir='ltr'>praesertim</span> <span class='ocrx_word' id='word_1_84' title='bbox 1289 1772 1328 1818; x_wconf 91' lang='lat' dir='ltr'>re</span> <span class='ocrx_word' id='word_1_85' title='bbox 1355 1746 1493 1843; x_wconf 88' lang='lat' dir='ltr'>publica.</span> <span class='ocrx_word' id='word_1_86' title='bbox 1596 1739 1601 1828; x_wconf 64' lang='lat' dir='ltr'>J</span> 
     </span>
     <span class='ocr_line' id='line_1_12' title="bbox 329 1839 1601 1952; baseline 0.004 -31"><span class='ocrx_word' id='word_1_87' title='bbox 329 1876 363 1921; x_wconf 74' lang='lat' dir='ltr'>aa</span> <span class='ocrx_word' id='word_1_88' title='bbox 385 1852 517 1925; x_wconf 88' lang='lat' dir='ltr'>Verum</span> <span class='ocrx_word' id='word_1_89' title='bbox 541 1861 606 1948; x_wconf 89' lang='lat' dir='ltr'>ego</span> <span class='ocrx_word' id='word_1_90' title='bbox 626 1876 696 1924; x_wconf 92' lang='lat' dir='ltr'>uon</span> <span class='ocrx_word' id='word_1_91' title='bbox 722 1878 852 1948; x_wconf 85' lang='lat' dir='ltr'>quaero</span> <span class='ocrx_word' id='word_1_92' title='bbox 875 1879 993 1942; x_wconf 88' lang='lat' dir='ltr'>nunc,</span> <span class='ocrx_word' id='word_1_93' title='bbox 1020 1881 1110 1951; x_wconf 87' lang='lat' dir='ltr'>quae</span> <span class='ocrx_word' id='word_1_94' title='bbox 1135 1856 1182 1928; x_wconf 90' lang='lat' dir='ltr'>sit</span> <span class='ocrx_word' id='word_1_95' title='bbox 1205 1856 1426 1952; x_wconf 89' lang='lat' dir='ltr'>philosophia</span> <span class='ocrx_word' id='word_1_96' title='bbox 1446 1879 1494 1926; x_wconf 86' lang='lat' dir='ltr'>rc·</span> <span class='ocrx_word' id='word_1_97' title='bbox 1597 1839 1601 1854; x_wconf 61' lang='lat'><strong>¹</strong></span> 
     </span>
     <span class='ocr_line' id='line_1_13' title="bbox 385 1962 1494 2055; baseline -0.001 -20"><span class='ocrx_word' id='word_1_98' title='bbox 385 1962 541 2048; x_wconf 78' lang='lat' dir='ltr'>tissima,</span> <span class='ocrx_word' id='word_1_99' title='bbox 576 1962 637 2033; x_wconf 90' lang='lat' dir='ltr'>sed</span> <span class='ocrx_word' id='word_1_100' title='bbox 661 1986 750 2055; x_wconf 91' lang='lat' dir='ltr'>quae</span> <span class='ocrx_word' id='word_1_101' title='bbox 783 1964 910 2036; x_wconf 90' lang='lat' dir='ltr'>oratori</span> <span class='ocrx_word' id='word_1_102' title='bbox 934 1965 1122 2037; x_wconf 90' lang='lat' dir='ltr'>coniuncta</span> <span class='ocrx_word' id='word_1_103' title='bbox 1146 1965 1312 2037; x_wconf 84' lang='lat' dir='ltr'>maxime.</span> <span class='ocrx_word' id='word_1_104' title='bbox 1365 1966 1441 2041; x_wconf 87' lang='lat' dir='ltr'>Qua</span> <span class='ocrx_word' id='word_1_105' title='bbox 1464 1988 1494 2035; x_wconf 90' lang='lat' dir='ltr'>re</span> 
     </span>
     <span class='ocr_line' id='line_1_14' title="bbox 386 2071 1494 2147; baseline 0 -4"><span class='ocrx_word' id='word_1_106' title='bbox 386 2071 471 2145; x_wconf 87' lang='lat' dir='ltr'>istos</span> <span class='ocrx_word' id='word_1_107' title='bbox 495 2073 570 2143; x_wconf 89' lang='lat' dir='ltr'>sine</span> <span class='ocrx_word' id='word_1_108' title='bbox 594 2072 665 2143; x_wconf 87' lang='lat' dir='ltr'>ulla</span> <span class='ocrx_word' id='word_1_109' title='bbox 689 2073 902 2145; x_wconf 89' lang='lat' dir='ltr'>contumelia</span> <span class='ocrx_word' id='word_1_110' title='bbox 937 2074 1179 2147; x_wconf 87' lang='lat' dir='ltr'>dimittamus:</span> <span class='ocrx_word' id='word_1_111' title='bbox 1218 2082 1304 2145; x_wconf 90' lang='lat' dir='ltr'>sunt</span> <span class='ocrx_word' id='word_1_112' title='bbox 1342 2075 1434 2147; x_wconf 92' lang='lat' dir='ltr'>enim</span> <span class='ocrx_word' id='word_1_113' title='bbox 1465 2083 1494 2143; x_wconf 91' lang='lat' dir='ltr'>et</span> 
     </span>
     <span class='ocr_line' id='line_1_15' title="bbox 386 2180 1493 2277; baseline 0.002 -25"><span class='ocrx_word' id='word_1_114' title='bbox 386 2180 471 2253; x_wconf 88' lang='lat' dir='ltr'>honi</span> <span class='ocrx_word' id='word_1_115' title='bbox 505 2181 589 2267; x_wconf 81' lang='lat' dir='ltr'>viri,</span> <span class='ocrx_word' id='word_1_116' title='bbox 627 2190 683 2268; x_wconf 89' lang='lat' dir='ltr'>et,</span> <span class='ocrx_word' id='word_1_117' title='bbox 717 2183 884 2277; x_wconf 88' lang='lat' dir='ltr'>quoniam</span> <span class='ocrx_word' id='word_1_118' title='bbox 912 2182 981 2255; x_wconf 92' lang='lat' dir='ltr'>sihi</span> <span class='ocrx_word' id='word_1_119' title='bbox 1006 2183 1055 2254; x_wconf 92' lang='lat' dir='ltr'>ita</span> <span class='ocrx_word' id='word_1_120' title='bbox 1078 2182 1263 2269; x_wconf 90' lang='lat' dir='ltr'>videntur,</span> <span class='ocrx_word' id='word_1_121' title='bbox 1289 2183 1402 2256; x_wconf 88' lang='lat' dir='ltr'>beati:</span> <span class='ocrx_word' id='word_1_122' title='bbox 1430 2191 1493 2254; x_wconf 90' lang='lat' dir='ltr'>tan·</span> 
     </span>
     <span class='ocr_line' id='line_1_16' title="bbox 387 2291 1494 2378; baseline -0.001 -15"><span class='ocrx_word' id='word_1_123' title='bbox 387 2298 465 2363; x_wconf 92' lang='lat' dir='ltr'>tum</span> <span class='ocrx_word' id='word_1_124' title='bbox 498 2315 555 2362; x_wconf 88' lang='lat' dir='ltr'>eos</span> <span class='ocrx_word' id='word_1_125' title='bbox 591 2291 861 2378; x_wconf 87' lang='lat' dir='ltr'>admoneamus,</span> <span class='ocrx_word' id='word_1_126' title='bbox 899 2298 939 2364; x_wconf 93' lang='lat' dir='ltr'>ut</span> <span class='ocrx_word' id='word_1_127' title='bbox 971 2292 1080 2378; x_wconf 91' lang='lat' dir='ltr'>illud,</span> <span class='ocrx_word' id='word_1_128' title='bbox 1117 2293 1276 2365; x_wconf 91' lang='lat' dir='ltr'>etiamsi</span> <span class='ocrx_word' id='word_1_129' title='bbox 1303 2292 1494 2365; x_wconf 84' lang='lat' dir='ltr'>sitverissi·</span> 
     </span>
     <span class='ocr_line' id='line_1_17' title="bbox 387 2396 1493 2497; baseline 0 -26"><span class='ocrx_word' id='word_1_130' title='bbox 387 2423 508 2484; x_wconf 89' lang='lat' dir='ltr'>mum,</span> <span class='ocrx_word' id='word_1_131' title='bbox 533 2400 679 2471; x_wconf 86' lang='lat' dir='ltr'>tacitum</span> <span class='ocrx_word' id='word_1_132' title='bbox 704 2408 823 2473; x_wconf 89' lang='lat' dir='ltr'>tamen</span> <span class='ocrx_word' id='word_1_133' title='bbox 853 2396 1052 2496; x_wconf 80' lang='lat' dir='ltr'>[tamquam</span> <span class='ocrx_word' id='word_1_134' title='bbox 1080 2398 1321 2497; x_wconf 66' lang='lat' dir='ltr'>mysterium]</span> <span class='ocrx_word' id='word_1_135' title='bbox 1350 2410 1493 2485; x_wconf 87' lang='lat' dir='ltr'>teneant,</span> 
     </span>
    </p>
   </div>
   <div class='ocr_carea' id='block_1_3' title="bbox 288 2650 1604 4672">
    <p class='ocr_par' dir='ltr' id='par_1_3' title="bbox 288 2650 1601 3416">
     <span class='ocr_line' id='line_1_18' title="bbox 288 2650 1496 2712; baseline 0 -16"><span class='ocrx_word' id='word_1_136' title='bbox 288 2705 290 2709; x_wconf 21' lang='lat'><strong><em>¹</em></strong></span> <span class='ocrx_word' id='word_1_137' title='bbox 385 2650 457 2711; x_wconf 73' lang='lat' dir='ltr'>predi</span> <span class='ocrx_word' id='word_1_138' title='bbox 484 2650 574 2711; x_wconf 82' lang='lat' dir='ltr'>cupiet.</span> <span class='ocrx_word' id='word_1_139' title='bbox 623 2652 767 2712; x_wconf 83' lang='lat' dir='ltr'>Amplector</span> <span class='ocrx_word' id='word_1_140' title='bbox 794 2650 925 2700; x_wconf 87' lang='lat' dir='ltr'>Matthiaei</span> <span class='ocrx_word' id='word_1_141' title='bbox 972 2652 1128 2700; x_wconf 85' lang='lat' dir='ltr'>iunctionum</span> <span class='ocrx_word' id='word_1_142' title='bbox 1154 2650 1459 2712; x_wconf 77' lang='lat' dir='ltr'>permutationemchrius</span> <span class='ocrx_word' id='word_1_143' title='bbox 1474 2651 1496 2697; x_wconf 90' lang='lat' dir='ltr'>in</span> 
     </span>
     <span class='ocr_line' id='line_1_19' title="bbox 388 2728 1496 2792; baseline -0.001 -15"><span class='ocrx_word' id='word_1_144' title='bbox 388 2730 579 2787; x_wconf 87' lang='lat' dir='ltr'>correctionem,</span> <span class='ocrx_word' id='word_1_145' title='bbox 596 2728 637 2790; x_wconf 89' lang='lat' dir='ltr'>qui</span> <span class='ocrx_word' id='word_1_146' title='bbox 651 2744 699 2778; x_wconf 83' lang='lat' dir='ltr'>uon</span> <span class='ocrx_word' id='word_1_147' title='bbox 711 2729 785 2778; x_wconf 88' lang='lat' dir='ltr'>inseri</span> <span class='ocrx_word' id='word_1_148' title='bbox 798 2731 854 2779; x_wconf 88' lang='lat' dir='ltr'>vult</span> <span class='ocrx_word' id='word_1_149' title='bbox 867 2734 924 2778; x_wconf 86' lang='lat' dir='ltr'>ante</span> <span class='ocrx_word' id='word_1_150' title='bbox 974 2730 1055 2780; x_wconf 85' lang='lat' dir='ltr'>Codd.</span> <span class='ocrx_word' id='word_1_151' title='bbox 1089 2729 1138 2780; x_wconf 85' lang='lat' dir='ltr'>Sed</span> <span class='ocrx_word' id='word_1_152' title='bbox 1152 2744 1227 2792; x_wconf 78' lang='lat' dir='ltr'>quum</span> <span class='ocrx_word' id='word_1_153' title='bbox 1240 2730 1275 2778; x_wconf 83' lang='lat' dir='ltr'>ita</span> <span class='ocrx_word' id='word_1_154' title='bbox 1287 2731 1348 2792; x_wconf 87' lang='lat' dir='ltr'>poni</span> <span class='ocrx_word' id='word_1_155' title='bbox 1361 2732 1421 2780; x_wconf 88' lang='lat' dir='ltr'>solet</span> <span class='ocrx_word' id='word_1_156' title='bbox 1431 2731 1456 2778; x_wconf 88' lang='lat' dir='ltr'>in</span> <span class='ocrx_word' id='word_1_157' title='bbox 1467 2728 1496 2776; x_wconf 90' lang='lat' dir='ltr'>ci·</span> 
     </span>
     <span class='ocr_line' id='line_1_20' title="bbox 389 2807 1496 2871; baseline -0.003 -15"><span class='ocrx_word' id='word_1_158' title='bbox 389 2809 479 2868; x_wconf 83' lang='lat' dir='ltr'>cupiet.</span> <span class='ocrx_word' id='word_1_159' title='bbox 512 2810 658 2864; x_wconf 85' lang='lat' dir='ltr'>Praeterea,</span> <span class='ocrx_word' id='word_1_160' title='bbox 672 2809 764 2869; x_wconf 89' lang='lat' dir='ltr'>requiri</span> <span class='ocrx_word' id='word_1_161' title='bbox 776 2815 837 2870; x_wconf 84' lang='lat' dir='ltr'>puto</span> <span class='ocrx_word' id='word_1_162' title='bbox 851 2810 924 2871; x_wconf 84' lang='lat' dir='ltr'>quod,</span> <span class='ocrx_word' id='word_1_163' title='bbox 972 2809 1048 2857; x_wconf 83' lang='lat' dir='ltr'>tanda</span> <span class='ocrx_word' id='word_1_164' title='bbox 1068 2809 1172 2857; x_wconf 86' lang='lat' dir='ltr'>aliorum</span> <span class='ocrx_word' id='word_1_165' title='bbox 1189 2809 1314 2857; x_wconf 86' lang='lat' dir='ltr'>sententia</span> <span class='ocrx_word' id='word_1_166' title='bbox 1331 2814 1373 2858; x_wconf 88' lang='lat' dir='ltr'>aut</span> <span class='ocrx_word' id='word_1_167' title='bbox 1385 2810 1458 2865; x_wconf 87' lang='lat' dir='ltr'>dicto,</span> <span class='ocrx_word' id='word_1_168' title='bbox 1470 2807 1496 2854; x_wconf 85' lang='lat' dir='ltr'>sd</span> 
     </span>
     <span class='ocr_line' id='line_1_21' title="bbox 388 2887 1496 2950; baseline -0.001 -16"><span class='ocrx_word' id='word_1_169' title='bbox 388 2901 434 2948; x_wconf 90' lang='lat' dir='ltr'>pro</span> <span class='ocrx_word' id='word_1_170' title='bbox 455 2901 510 2948; x_wconf 87' lang='lat' dir='ltr'>quo.</span> <span class='ocrx_word' id='word_1_171' title='bbox 530 2913 564 2922; x_wconf 85' lang='lat'><strong>—</strong></span> <span class='ocrx_word' id='word_1_172' title='bbox 581 2887 671 2945; x_wconf 90' lang='lat' dir='ltr'>Modo,</span> <span class='ocrx_word' id='word_1_173' title='bbox 687 2902 763 2948; x_wconf 90' lang='lat' dir='ltr'>quum</span> <span class='ocrx_word' id='word_1_174' title='bbox 776 2888 868 2950; x_wconf 88' lang='lat' dir='ltr'>legitur</span> <span class='ocrx_word' id='word_1_175' title='bbox 881 2903 925 2935; x_wconf 86' lang='lat' dir='ltr'>uec</span> <span class='ocrx_word' id='word_1_176' title='bbox 974 2888 1218 2944; x_wconf 84' lang='lat' dir='ltr'>eumdemmodnm,</span> <span class='ocrx_word' id='word_1_177' title='bbox 1234 2902 1284 2948; x_wconf 90' lang='lat' dir='ltr'>qno</span> <span class='ocrx_word' id='word_1_178' title='bbox 1298 2888 1386 2936; x_wconf 89' lang='lat' dir='ltr'>dicitur</span> <span class='ocrx_word' id='word_1_179' title='bbox 1399 2887 1496 2941; x_wconf 67' lang='lat' dir='ltr'>mauu,</span> 
     </span>
     <span class='ocr_line' id='line_1_22' title="bbox 388 2965 1601 3031; baseline -0.002 -19"><span class='ocrx_word' id='word_1_180' title='bbox 388 2966 440 3012; x_wconf 77' lang='lat' dir='ltr'>ullu</span> <span class='ocrx_word' id='word_1_181' title='bbox 461 2966 543 3012; x_wconf 79' lang='lat' dir='ltr'>tumea</span> <span class='ocrx_word' id='word_1_182' title='bbox 562 2965 585 3012; x_wconf 83' lang='lat' dir='ltr'>ei</span> <span class='ocrx_word' id='word_1_183' title='bbox 600 2966 768 3026; x_wconf 73' lang='lat' dir='ltr'>phimaophtac</span> <span class='ocrx_word' id='word_1_184' title='bbox 786 2993 834 3022; x_wconf 90' lang='lat'>—,</span> <span class='ocrx_word' id='word_1_185' title='bbox 847 2966 924 3013; x_wconf 89' lang='lat' dir='ltr'>inter·</span> <span class='ocrx_word' id='word_1_186' title='bbox 974 2979 1060 3026; x_wconf 82' lang='lat' dir='ltr'>quum,</span> <span class='ocrx_word' id='word_1_187' title='bbox 1076 2980 1121 3026; x_wconf 91' lang='lat' dir='ltr'>pro</span> <span class='ocrx_word' id='word_1_188' title='bbox 1135 2981 1184 3027; x_wconf 92' lang='lat' dir='ltr'>quo</span> <span class='ocrx_word' id='word_1_189' title='bbox 1199 2965 1273 3013; x_wconf 86' lang='lat' dir='ltr'>etiam</span> <span class='ocrx_word' id='word_1_190' title='bbox 1287 2966 1442 3026; x_wconf 84' lang='lat' dir='ltr'>peritissimus</span> <span class='ocrx_word' id='word_1_191' title='bbox 1454 2967 1496 3012; x_wconf 89' lang='lat' dir='ltr'>La·</span> <span class='ocrx_word' id='word_1_192' title='bbox 1600 3018 1601 3031; x_wconf 12' lang='grc' dir='ltr'><strong>χ</strong></span> 
     </span>
     <span class='ocr_line' id='line_1_23' title="bbox 389 3043 1601 3104; baseline -0.002 -13"><span class='ocrx_word' id='word_1_193' title='bbox 389 3045 500 3104; x_wconf 85' lang='lat' dir='ltr'>pclatunr</span> <span class='ocrx_word' id='word_1_194' title='bbox 514 3043 573 3090; x_wconf 88' lang='lat' dir='ltr'>mihi</span> <span class='ocrx_word' id='word_1_195' title='bbox 587 3043 686 3092; x_wconf 85' lang='lat' dir='ltr'>videtur</span> <span class='ocrx_word' id='word_1_196' title='bbox 696 3043 871 3104; x_wconf 77' lang='lat' dir='ltr'>philosophiae,</span> <span class='ocrx_word' id='word_1_197' title='bbox 886 3043 926 3091; x_wconf 91' lang='lat' dir='ltr'>cui</span> <span class='ocrx_word' id='word_1_198' title='bbox 973 3043 1075 3090; x_wconf 87' lang='lat' dir='ltr'>tinitatis</span> <span class='ocrx_word' id='word_1_199' title='bbox 1089 3044 1214 3092; x_wconf 85' lang='lat' dir='ltr'>Manutius</span> <span class='ocrx_word' id='word_1_200' title='bbox 1225 3043 1251 3090; x_wconf 91' lang='lat' dir='ltr'>in</span> <span class='ocrx_word' id='word_1_201' title='bbox 1265 3043 1496 3094; x_wconf 65' lang='lat' dir='ltr'>aduravtlual,</span> <span class='ocrx_word' id='word_1_202' title='bbox 1600 3044 1601 3051; x_wconf 75' lang='grc'>’</span> 
     </span>
     <span class='ocr_line' id='line_1_24' title="bbox 389 3117 1499 3183; baseline 0.002 -15"><span class='ocrx_word' id='word_1_203' title='bbox 389 3121 489 3169; x_wconf 88' lang='lat' dir='ltr'>minime</span> <span class='ocrx_word' id='word_1_204' title='bbox 509 3121 658 3172; x_wconf 88' lang='lat' dir='ltr'>convenient</span> <span class='ocrx_word' id='word_1_205' title='bbox 675 3137 719 3179; x_wconf 85' lang='lat' dir='ltr'>ea,</span> <span class='ocrx_word' id='word_1_206' title='bbox 741 3135 803 3182; x_wconf 87' lang='lat' dir='ltr'>quae</span> <span class='ocrx_word' id='word_1_207' title='bbox 817 3136 925 3183; x_wconf 88' lang='lat' dir='ltr'>seqnun·</span> <span class='ocrx_word' id='word_1_208' title='bbox 973 3121 1068 3182; x_wconf 85' lang='lat' dir='ltr'>aliquot</span> <span class='ocrx_word' id='word_1_209' title='bbox 1083 3122 1163 3170; x_wconf 83' lang='lat' dir='ltr'>codd.</span> <span class='ocrx_word' id='word_1_210' title='bbox 1177 3122 1272 3170; x_wconf 87' lang='lat' dir='ltr'>scilicet</span> <span class='ocrx_word' id='word_1_211' title='bbox 1283 3122 1432 3178; x_wconf 83' lang='lat' dir='ltr'>auctoritate,</span> <span class='ocrx_word' id='word_1_212' title='bbox 1444 3117 1499 3182; x_wconf 81' lang='lat' dir='ltr'>quud</span> 
     </span>
     <span class='ocr_line' id='line_1_25' title="bbox 389 3197 1497 3262; baseline -0.003 -15"><span class='ocrx_word' id='word_1_213' title='bbox 389 3204 443 3255; x_wconf 75' lang='lat' dir='ltr'>tur3</span> <span class='ocrx_word' id='word_1_214' title='bbox 472 3199 516 3246; x_wconf 88' lang='lat' dir='ltr'>sed</span> <span class='ocrx_word' id='word_1_215' title='bbox 536 3200 558 3244; x_wconf 87' lang='lat' dir='ltr'>ct</span> <span class='ocrx_word' id='word_1_216' title='bbox 577 3199 768 3260; x_wconf 86' lang='lat' dir='ltr'>intelligendum</span> <span class='ocrx_word' id='word_1_217' title='bbox 794 3199 925 3260; x_wconf 82' lang='lat' dir='ltr'>Epicureo.</span> <span class='ocrx_word' id='word_1_218' title='bbox 973 3199 1154 3248; x_wconf 86' lang='lat' dir='ltr'>restituendum</span> <span class='ocrx_word' id='word_1_219' title='bbox 1167 3197 1293 3248; x_wconf 85' lang='lat' dir='ltr'>censebat.</span> <span class='ocrx_word' id='word_1_220' title='bbox 1307 3200 1497 3262; x_wconf 68' lang='lat' dir='ltr'>Supraiecit,</span> 
     </span>
     <span class='ocr_line' id='line_1_26' title="bbox 390 3275 1497 3340; baseline -0.005 -14"><span class='ocrx_word' id='word_1_221' title='bbox 390 3279 502 3335; x_wconf 81' lang='lat' dir='ltr'>itamox,</span> <span class='ocrx_word' id='word_1_222' title='bbox 513 3275 745 3333; x_wconf 78' lang='lat' dir='ltr'>istosdimtttamus;</span> <span class='ocrx_word' id='word_1_223' title='bbox 756 3278 927 3326; x_wconf 82' lang='lat' dir='ltr'>suutcntm-</span> <span class='ocrx_word' id='word_1_224' title='bbox 973 3280 1038 3324; x_wconf 77' lang='lat' dir='ltr'>soleo</span> <span class='ocrx_word' id='word_1_225' title='bbox 1051 3279 1140 3324; x_wconf 80' lang='lat' dir='ltr'>audire</span> <span class='ocrx_word' id='word_1_226' title='bbox 1153 3278 1280 3336; x_wconf 79' lang='lat' dir='ltr'>Roscium,</span> <span class='ocrx_word' id='word_1_227' title='bbox 1298 3293 1373 3340; x_wconf 85' lang='lat' dir='ltr'>quum</span> <span class='ocrx_word' id='word_1_228' title='bbox 1385 3280 1419 3326; x_wconf 85' lang='lat' dir='ltr'>itu</span> <span class='ocrx_word' id='word_1_229' title='bbox 1431 3275 1497 3324; x_wconf 72' lang='lat' dir='ltr'>dud.</span> 
     </span>
     <span class='ocr_line' id='line_1_27' title="bbox 391 3354 1497 3416; baseline -0.004 -13"><span class='ocrx_word' id='word_1_230' title='bbox 391 3356 463 3404; x_wconf 83' lang='lat' dir='ltr'>beati.</span> <span class='ocrx_word' id='word_1_231' title='bbox 975 3355 1176 3416; x_wconf 81' lang='lat' dir='ltr'>Theophrastus,</span> <span class='ocrx_word' id='word_1_232' title='bbox 1197 3357 1278 3416; x_wconf 86' lang='lat' dir='ltr'>inquit</span> <span class='ocrx_word' id='word_1_233' title='bbox 1293 3357 1380 3405; x_wconf 90' lang='lat' dir='ltr'>Cicero</span> <span class='ocrx_word' id='word_1_234' title='bbox 1393 3358 1459 3403; x_wconf 87' lang='lat' dir='ltr'>Tusc.</span> <span class='ocrx_word' id='word_1_235' title='bbox 1470 3354 1497 3399; x_wconf 86' lang='lat' dir='ltr'>V.</span> 
     </span>
    </p>

    <p class='ocr_par' dir='ltr' id='par_1_4' title="bbox 390 3432 1603 3733">
     <span class='ocr_line' id='line_1_28' title="bbox 425 3432 1497 3498; baseline -0.005 -15"><span class='ocrx_word' id='word_1_236' title='bbox 425 3437 465 3484; x_wconf 83' lang='grc'>64.</span> <span class='ocrx_word' id='word_1_237' title='bbox 491 3435 588 3482; x_wconf 81' lang='lat' dir='ltr'>tautum</span> <span class='ocrx_word' id='word_1_238' title='bbox 608 3447 647 3482; x_wconf 87' lang='lat' dir='ltr'>ecs</span> <span class='ocrx_word' id='word_1_239' title='bbox 667 3435 846 3482; x_wconf 73' lang='lat' dir='ltr'>admoneamur,</span> <span class='ocrx_word' id='word_1_240' title='bbox 887 3435 928 3484; x_wconf 87' lang='lat' dir='ltr'>Sic</span> <span class='ocrx_word' id='word_1_241' title='bbox 976 3436 1058 3492; x_wconf 69' lang='lat'>524,</span> <span class='ocrx_word' id='word_1_242' title='bbox 1079 3448 1129 3481; x_wconf 82' lang='lat' dir='ltr'>uon</span> <span class='ocrx_word' id='word_1_243' title='bbox 1148 3448 1293 3498; x_wconf 75' lang='lat' dir='ltr'>rncpnopcrc</span> <span class='ocrx_word' id='word_1_244' title='bbox 1310 3432 1497 3494; x_wconf 72' lang='lat' dir='ltr'>reprehenditur,</span> 
     </span>
     <span class='ocr_line' id='line_1_29' title="bbox 390 3511 1603 3576; baseline -0.005 -14"><span class='ocrx_word' id='word_1_245' title='bbox 390 3513 486 3562; x_wconf 85' lang='lat' dir='ltr'>correxi</span> <span class='ocrx_word' id='word_1_246' title='bbox 499 3515 627 3576; x_wconf 87' lang='lat' dir='ltr'>vulgatum</span> <span class='ocrx_word' id='word_1_247' title='bbox 641 3515 792 3574; x_wconf 82' lang='lat' dir='ltr'>tantumque.</span> <span class='ocrx_word' id='word_1_248' title='bbox 811 3514 927 3562; x_wconf 83' lang='lat' dir='ltr'>Alienum</span> <span class='ocrx_word' id='word_1_249' title='bbox 976 3526 1050 3572; x_wconf 84' lang='lat' dir='ltr'>quum</span> <span class='ocrx_word' id='word_1_250' title='bbox 1072 3513 1124 3559; x_wconf 79' lang='lat' dir='ltr'>tria</span> <span class='ocrx_word' id='word_1_251' title='bbox 1141 3527 1232 3576; x_wconf 70' lang='lat' dir='ltr'>ymera</span> <span class='ocrx_word' id='word_1_252' title='bbox 1245 3515 1309 3562; x_wconf 76' lang='lat' dir='ltr'>dicit</span> <span class='ocrx_word' id='word_1_253' title='bbox 1322 3516 1438 3561; x_wconf 76' lang='lat' dir='ltr'>mmmm</span> <span class='ocrx_word' id='word_1_254' title='bbox 1469 3511 1499 3556; x_wconf 92' lang='lat' dir='ltr'>Ut</span> <span class='ocrx_word' id='word_1_255' title='bbox 1595 3538 1603 3572; x_wconf 64' lang='lat'>.‘</span> 
     </span>
     <span class='ocr_line' id='line_1_30' title="bbox 391 3587 1498 3654; baseline -0.002 -16"><span class='ocrx_word' id='word_1_256' title='bbox 391 3593 450 3640; x_wconf 89' lang='lat' dir='ltr'>hinc</span> <span class='ocrx_word' id='word_1_257' title='bbox 470 3607 522 3640; x_wconf 88' lang='lat' dir='ltr'>csse</span> <span class='ocrx_word' id='word_1_258' title='bbox 544 3606 590 3654; x_wconf 80' lang='lat' dir='ltr'>que</span> <span class='ocrx_word' id='word_1_259' title='bbox 616 3593 775 3640; x_wconf 88' lang='lat' dir='ltr'>confirmatur</span> <span class='ocrx_word' id='word_1_260' title='bbox 794 3592 927 3652; x_wconf 85' lang='lat' dir='ltr'>exemplis,</span> <span class='ocrx_word' id='word_1_261' title='bbox 975 3589 1001 3636; x_wconf 91' lang='lat' dir='ltr'>in</span> <span class='ocrx_word' id='word_1_262' title='bbox 1016 3590 1104 3637; x_wconf 90' lang='lat' dir='ltr'>codem</span> <span class='ocrx_word' id='word_1_263' title='bbox 1117 3590 1289 3652; x_wconf 85' lang='lat' dir='ltr'>Theophrasto</span> <span class='ocrx_word' id='word_1_264' title='bbox 1303 3603 1453 3646; x_wconf 85' lang='lat' dir='ltr'>maneamus,</span> <span class='ocrx_word' id='word_1_265' title='bbox 1466 3587 1498 3633; x_wconf 92' lang='lat' dir='ltr'>in·</span> 
     </span>
     <span class='ocr_line' id='line_1_31' title="bbox 392 3665 1498 3733; baseline -0.005 -15"><span class='ocrx_word' id='word_1_266' title='bbox 392 3685 454 3732; x_wconf 83' lang='lat' dir='ltr'>quae</span> <span class='ocrx_word' id='word_1_267' title='bbox 475 3670 577 3733; x_wconf 80' lang='lat' dir='ltr'>collegit</span> <span class='ocrx_word' id='word_1_268' title='bbox 591 3670 730 3718; x_wconf 84' lang='lat' dir='ltr'>Ellendtius</span> <span class='ocrx_word' id='word_1_269' title='bbox 739 3671 775 3718; x_wconf 59' lang='lat' dir='ltr'>‘ad</span> <span class='ocrx_word' id='word_1_270' title='bbox 790 3671 825 3718; x_wconf 91' lang='grc' dir='ltr'>ΙΙ.</span> <span class='ocrx_word' id='word_1_271' title='bbox 841 3674 853 3728; x_wconf 67' lang='grc' dir='ltr'><strong>ξ</strong></span> <span class='ocrx_word' id='word_1_272' title='bbox 871 3671 927 3718; x_wconf 83' lang='grc'><strong>139.</strong></span> <span class='ocrx_word' id='word_1_273' title='bbox 975 3667 1022 3725; x_wconf 81' lang='lat' dir='ltr'>tra,</span> <span class='ocrx_word' id='word_1_274' title='bbox 1036 3672 1049 3726; x_wconf 72' lang='grc' dir='ltr'><strong>ξ</strong></span> <span class='ocrx_word' id='word_1_275' title='bbox 1063 3670 1120 3724; x_wconf 82' lang='grc'><strong>184,</strong></span> <span class='ocrx_word' id='word_1_276' title='bbox 1134 3668 1223 3726; x_wconf 85' lang='lat' dir='ltr'>editur,</span> <span class='ocrx_word' id='word_1_277' title='bbox 1237 3669 1303 3716; x_wconf 80' lang='lat' dir='ltr'>illud</span> <span class='ocrx_word' id='word_1_278' title='bbox 1309 3670 1425 3717; x_wconf 76' lang='lat' dir='ltr'>receutior</span> <span class='ocrx_word' id='word_1_279' title='bbox 1434 3665 1498 3712; x_wconf 78' lang='lat' dir='ltr'>l&#39;tec·</span> 
     </span>
    </p>

    <p class='ocr_par' dir='ltr' id='par_1_5' title="bbox 391 3746 1499 3965">
     <span class='ocr_line' id='line_1_32' title="bbox 425 3746 1498 3808; baseline -0.004 -14"><span class='ocrx_word' id='word_1_280' title='bbox 425 3751 500 3797; x_wconf 83' lang='lat' dir='ltr'>etium</span> <span class='ocrx_word' id='word_1_281' title='bbox 513 3750 535 3796; x_wconf 81' lang='lat' dir='ltr'>si</span> <span class='ocrx_word' id='word_1_282' title='bbox 551 3751 585 3796; x_wconf 82' lang='lat' dir='ltr'>stt</span> <span class='ocrx_word' id='word_1_283' title='bbox 599 3750 758 3798; x_wconf 81' lang='lat' dir='ltr'>verissimum.</span> <span class='ocrx_word' id='word_1_284' title='bbox 793 3749 866 3796; x_wconf 90' lang='lat' dir='ltr'>Edidi</span> <span class='ocrx_word' id='word_1_285' title='bbox 880 3751 927 3807; x_wconf 85' lang='lat' dir='ltr'>stt,</span> <span class='ocrx_word' id='word_1_286' title='bbox 972 3746 1091 3804; x_wconf 69' lang='lat' dir='ltr'>parato,</span> <span class='ocrx_word' id='word_1_287' title='bbox 1113 3749 1156 3808; x_wconf 82' lang='lat' dir='ltr'>qui</span> <span class='ocrx_word' id='word_1_288' title='bbox 1171 3749 1250 3806; x_wconf 82' lang='lat' dir='ltr'>putat</span> <span class='ocrx_word' id='word_1_289' title='bbox 1269 3774 1303 3782; x_wconf 92' lang='lat'>—</span> <span class='ocrx_word' id='word_1_290' title='bbox 1321 3749 1447 3796; x_wconf 81' lang='lat' dir='ltr'>arationem</span> <span class='ocrx_word' id='word_1_291' title='bbox 1460 3755 1498 3790; x_wconf 66' lang='lat' dir='ltr'>nu»</span> 
     </span>
     <span class='ocr_line' id='line_1_33' title="bbox 391 3823 1499 3889; baseline -0.009 -14"><span class='ocrx_word' id='word_1_292' title='bbox 391 3842 437 3888; x_wconf 83' lang='lat' dir='ltr'>pro</span> <span class='ocrx_word' id='word_1_293' title='bbox 464 3828 533 3889; x_wconf 86' lang='lat' dir='ltr'>vulg.</span> <span class='ocrx_word' id='word_1_294' title='bbox 560 3827 609 3885; x_wconf 86' lang='lat' dir='ltr'>est,</span> <span class='ocrx_word' id='word_1_295' title='bbox 631 3827 788 3875; x_wconf 88' lang='lat' dir='ltr'>sicutmodo</span> <span class='ocrx_word' id='word_1_296' title='bbox 810 3828 927 3884; x_wconf 82' lang='lat' dir='ltr'>Crassus,</span> <span class='ocrx_word' id='word_1_297' title='bbox 976 3838 1096 3871; x_wconf 80' lang='lat' dir='ltr'>merorum</span> <span class='ocrx_word' id='word_1_298' title='bbox 1112 3828 1304 3885; x_wconf 78' lang='lat' dir='ltr'>csueoportcre,</span> <span class='ocrx_word' id='word_1_299' title='bbox 1320 3825 1363 3873; x_wconf 91' lang='lat' dir='ltr'>ubi</span> <span class='ocrx_word' id='word_1_300' title='bbox 1376 3823 1499 3873; x_wconf 87' lang='lat' dir='ltr'>Relativum</span> 
     </span>
     <span class='ocr_line' id='line_1_34' title="bbox 393 3901 1498 3965; baseline -0.008 -12"><span class='ocrx_word' id='word_1_301' title='bbox 393 3911 405 3964; x_wconf 65' lang='grc' dir='ltr'><strong>ξ</strong></span> <span class='ocrx_word' id='word_1_302' title='bbox 421 3907 465 3961; x_wconf 87' lang='grc'>63,</span> <span class='ocrx_word' id='word_1_303' title='bbox 480 3906 506 3952; x_wconf 86' lang='lat' dir='ltr'>et</span> <span class='ocrx_word' id='word_1_304' title='bbox 518 3907 540 3952; x_wconf 83' lang='lat' dir='ltr'>ei</span> <span class='ocrx_word' id='word_1_305' title='bbox 554 3906 594 3952; x_wconf 80' lang='lat' dir='ltr'>cut</span> <span class='ocrx_word' id='word_1_306' title='bbox 607 3919 664 3952; x_wconf 80' lang='lat' dir='ltr'>uera</span> <span class='ocrx_word' id='word_1_307' title='bbox 677 3906 800 3954; x_wconf 81' lang='lat' dir='ltr'>uideatur.</span> <span class='ocrx_word' id='word_1_308' title='bbox 977 3902 1113 3964; x_wconf 89' lang='lat' dir='ltr'>corrumpit</span> <span class='ocrx_word' id='word_1_309' title='bbox 1139 3903 1202 3951; x_wconf 89' lang='lat' dir='ltr'>adeo</span> <span class='ocrx_word' id='word_1_310' title='bbox 1222 3904 1350 3965; x_wconf 87' lang='lat' dir='ltr'>scriptoris</span> <span class='ocrx_word' id='word_1_311' title='bbox 1370 3901 1498 3953; x_wconf 85' lang='lat' dir='ltr'>consilium,</span> 
     </span>
    </p>

    <p class='ocr_par' dir='ltr' id='par_1_6' title="bbox 392 3978 1604 4516">
     <span class='ocr_line' id='line_1_35' title="bbox 426 3978 1499 4046; baseline -0.007 -14"><span class='ocrx_word' id='word_1_312' title='bbox 426 3984 530 4032; x_wconf 85' lang='lat' dir='ltr'>tacitum</span> <span class='ocrx_word' id='word_1_313' title='bbox 538 3985 619 4030; x_wconf 82' lang='lat' dir='ltr'>tamen</span> <span class='ocrx_word' id='word_1_314' title='bbox 626 3984 763 4046; x_wconf 83' lang='lat' dir='ltr'>[tamquam</span> <span class='ocrx_word' id='word_1_315' title='bbox 770 3983 926 4044; x_wconf 81' lang='lat' dir='ltr'>mysterium]</span> <span class='ocrx_word' id='word_1_316' title='bbox 978 3987 1015 4038; x_wconf 89' lang='lat' dir='ltr'>et,</span> <span class='ocrx_word' id='word_1_317' title='bbox 1033 3986 1135 4043; x_wconf 87' lang='lat' dir='ltr'>propter</span> <span class='ocrx_word' id='word_1_318' title='bbox 1148 3982 1299 4030; x_wconf 85' lang='lat' dir='ltr'>antecedens</span> <span class='ocrx_word' id='word_1_319' title='bbox 1314 3982 1391 4037; x_wconf 81' lang='lat' dir='ltr'>illud,</span> <span class='ocrx_word' id='word_1_320' title='bbox 1404 3978 1499 4042; x_wconf 80' lang='lat' dir='ltr'>postua-</span> 
     </span>
     <span class='ocr_line' id='line_1_36' title="bbox 393 4052 1604 4155; baseline -0.009 -44"><span class='ocrx_word' id='word_1_321' title='bbox 393 4064 502 4111; x_wconf 76' lang='lat' dir='ltr'>tenea-t.</span> <span class='ocrx_word' id='word_1_322' title='bbox 537 4063 593 4110; x_wconf 91' lang='lat' dir='ltr'>Non</span> <span class='ocrx_word' id='word_1_323' title='bbox 613 4067 708 4110; x_wconf 86' lang='lat' dir='ltr'>tantum</span> <span class='ocrx_word' id='word_1_324' title='bbox 724 4063 801 4111; x_wconf 82' lang='lat' dir='ltr'>otiosa</span> <span class='ocrx_word' id='word_1_325' title='bbox 815 4061 928 4110; x_wconf 87' lang='lat' dir='ltr'>similitu·</span> <span class='ocrx_word' id='word_1_326' title='bbox 977 4064 1018 4107; x_wconf 85' lang='lat' dir='ltr'>tur</span> <span class='ocrx_word' id='word_1_327' title='bbox 1032 4075 1107 4121; x_wconf 84' lang='lat' dir='ltr'>quum</span> <span class='ocrx_word' id='word_1_328' title='bbox 1115 4062 1202 4119; x_wconf 83' lang='lat' dir='ltr'>putat.</span> <span class='ocrx_word' id='word_1_329' title='bbox 1220 4060 1330 4117; x_wconf 85' lang='lat' dir='ltr'>Rursus,</span> <span class='ocrx_word' id='word_1_330' title='bbox 1344 4056 1499 4115; x_wconf 69' lang='lat' dir='ltr'>intratltss,</span> <span class='ocrx_word' id='word_1_331' title='bbox 1601 4052 1604 4155; x_wconf 57' lang='lat' dir='ltr'>q</span> 
     </span>
     <span class='ocr_line' id='line_1_37' title="bbox 393 4136 1500 4202; baseline -0.01 -12"><span class='ocrx_word' id='word_1_332' title='bbox 393 4142 450 4190; x_wconf 79' lang='lat' dir='ltr'>(line</span> <span class='ocrx_word' id='word_1_333' title='bbox 470 4141 611 4188; x_wconf 88' lang='lat' dir='ltr'>declaratur</span> <span class='ocrx_word' id='word_1_334' title='bbox 632 4141 690 4202; x_wconf 92' lang='lat' dir='ltr'>quid</span> <span class='ocrx_word' id='word_1_335' title='bbox 708 4141 738 4188; x_wconf 86' lang='lat' dir='ltr'>sit</span> <span class='ocrx_word' id='word_1_336' title='bbox 753 4141 857 4188; x_wconf 83' lang='lat' dir='ltr'>tacitum</span> <span class='ocrx_word' id='word_1_337' title='bbox 862 4157 872 4194; x_wconf 89' lang='lat'>,·</span> <span class='ocrx_word' id='word_1_338' title='bbox 886 4139 931 4186; x_wconf 89' lang='lat' dir='ltr'>sed</span> <span class='ocrx_word' id='word_1_339' title='bbox 977 4142 1046 4185; x_wconf 90' lang='lat' dir='ltr'>recte</span> <span class='ocrx_word' id='word_1_340' title='bbox 1059 4137 1153 4195; x_wconf 86' lang='lat' dir='ltr'>editur,</span> <span class='ocrx_word' id='word_1_341' title='bbox 1174 4137 1263 4186; x_wconf 82' lang='lat' dir='ltr'>uidetis</span> <span class='ocrx_word' id='word_1_342' title='bbox 1273 4151 1352 4200; x_wconf 77' lang='lat' dir='ltr'>penus</span> <span class='ocrx_word' id='word_1_343' title='bbox 1365 4137 1406 4184; x_wconf 73' lang='lat' dir='ltr'>troc</span> <span class='ocrx_word' id='word_1_344' title='bbox 1417 4136 1500 4186; x_wconf 70' lang='lat' dir='ltr'>roan,</span> 
     </span>
     <span class='ocr_line' id='line_1_38' title="bbox 392 4217 1501 4283; baseline -0.009 -15"><span class='ocrx_word' id='word_1_345' title='bbox 392 4222 473 4283; x_wconf 89' lang='lat' dir='ltr'>ipsum</span> <span class='ocrx_word' id='word_1_346' title='bbox 486 4220 630 4281; x_wconf 78' lang='lat' dir='ltr'>mysterium</span> <span class='ocrx_word' id='word_1_347' title='bbox 642 4234 723 4281; x_wconf 91' lang='lat' dir='ltr'>neque</span> <span class='ocrx_word' id='word_1_348' title='bbox 731 4221 834 4275; x_wconf 87' lang='lat' dir='ltr'>Graece,</span> <span class='ocrx_word' id='word_1_349' title='bbox 850 4231 930 4278; x_wconf 89' lang='lat' dir='ltr'>neque</span> <span class='ocrx_word' id='word_1_350' title='bbox 979 4230 1053 4278; x_wconf 81' lang='lat' dir='ltr'>quum</span> <span class='ocrx_word' id='word_1_351' title='bbox 1072 4243 1106 4251; x_wconf 91' lang='lat'>—</span> <span class='ocrx_word' id='word_1_352' title='bbox 1126 4229 1168 4264; x_wconf 80' lang='lat' dir='ltr'>rea</span> <span class='ocrx_word' id='word_1_353' title='bbox 1187 4217 1271 4263; x_wconf 87' lang='lat' dir='ltr'>eadem</span> <span class='ocrx_word' id='word_1_354' title='bbox 1285 4217 1424 4263; x_wconf 73' lang='lat' dir='ltr'>mentiatur</span> <span class='ocrx_word' id='word_1_355' title='bbox 1434 4224 1501 4258; x_wconf 72' lang='lat' dir='ltr'>omau-</span> 
     </span>
     <span class='ocr_line' id='line_1_39' title="bbox 394 4294 1436 4359; baseline -0.012 -10"><span class='ocrx_word' id='word_1_356' title='bbox 394 4301 482 4349; x_wconf 86' lang='lat' dir='ltr'>Latine</span> <span class='ocrx_word' id='word_1_357' title='bbox 507 4313 611 4359; x_wconf 84' lang='lat' dir='ltr'>usquam</span> <span class='ocrx_word' id='word_1_358' title='bbox 636 4297 662 4344; x_wconf 91' lang='lat' dir='ltr'>in</span> <span class='ocrx_word' id='word_1_359' title='bbox 688 4312 791 4345; x_wconf 89' lang='lat' dir='ltr'>numero</span> <span class='ocrx_word' id='word_1_360' title='bbox 812 4296 930 4359; x_wconf 85' lang='lat' dir='ltr'>singulari</span> <span class='ocrx_word' id='word_1_361' title='bbox 980 4296 1044 4352; x_wconf 80' lang='lat' dir='ltr'>tius,</span> <span class='ocrx_word' id='word_1_362' title='bbox 1058 4309 1104 4355; x_wconf 87' lang='lat' dir='ltr'>pro</span> <span class='ocrx_word' id='word_1_363' title='bbox 1117 4307 1170 4341; x_wconf 84' lang='lat' dir='ltr'>rem</span> <span class='ocrx_word' id='word_1_364' title='bbox 1183 4295 1292 4342; x_wconf 82' lang='lat' dir='ltr'>eamdem</span> <span class='ocrx_word' id='word_1_365' title='bbox 1306 4294 1389 4342; x_wconf 79' lang='lat' dir='ltr'>ornari</span> <span class='ocrx_word' id='word_1_366' title='bbox 1401 4317 1436 4336; x_wconf 89' lang='lat'>-.</span> 
     </span>
     <span class='ocr_line' id='line_1_40' title="bbox 393 4367 1601 4437; baseline -0.014 -11"><span class='ocrx_word' id='word_1_367' title='bbox 393 4377 495 4435; x_wconf 88' lang='lat' dir='ltr'>dicitur,</span> <span class='ocrx_word' id='word_1_368' title='bbox 510 4377 536 4424; x_wconf 90' lang='lat' dir='ltr'>id</span> <span class='ocrx_word' id='word_1_369' title='bbox 550 4377 615 4437; x_wconf 89' lang='lat' dir='ltr'>quod</span> <span class='ocrx_word' id='word_1_370' title='bbox 629 4377 660 4424; x_wconf 94' lang='lat' dir='ltr'>N.</span> <span class='ocrx_word' id='word_1_371' title='bbox 676 4378 704 4424; x_wconf 89' lang='grc' dir='ltr'>Τ.</span> <span class='ocrx_word' id='word_1_372' title='bbox 720 4375 931 4436; x_wconf 88' lang='lat' dir='ltr'>demumscripto·</span> <span class='ocrx_word' id='word_1_373' title='bbox 1014 4373 1055 4420; x_wconf 88' lang='grc'>65.</span> <span class='ocrx_word' id='word_1_374' title='bbox 1072 4373 1117 4419; x_wconf 84' lang='lat' dir='ltr'>red</span> <span class='ocrx_word' id='word_1_375' title='bbox 1137 4373 1296 4434; x_wconf 77' lang='lat' dir='ltr'>[utrumque]</span> <span class='ocrx_word' id='word_1_376' title='bbox 1319 4373 1356 4417; x_wconf 84' lang='lat' dir='ltr'>est</span> <span class='ocrx_word' id='word_1_377' title='bbox 1374 4372 1398 4417; x_wconf 80' lang='lat' dir='ltr'>iu</span> <span class='ocrx_word' id='word_1_378' title='bbox 1417 4367 1452 4412; x_wconf 82' lang='lat' dir='ltr'>tir</span> <span class='ocrx_word' id='word_1_379' title='bbox 1464 4389 1500 4409; x_wconf 92' lang='lat'>-.</span> <span class='ocrx_word' id='word_1_380' title='bbox 1598 4400 1601 4435; x_wconf 52' lang='lat'>4</span> 
     </span>
     <span class='ocr_line' id='line_1_41' title="bbox 393 4441 1601 4516; baseline -0.01 -12"><span class='ocrx_word' id='word_1_381' title='bbox 393 4455 475 4513; x_wconf 88' lang='lat' dir='ltr'>ribus,</span> <span class='ocrx_word' id='word_1_382' title='bbox 491 4460 516 4504; x_wconf 86' lang='lat' dir='ltr'>et</span> <span class='ocrx_word' id='word_1_383' title='bbox 529 4455 570 4516; x_wconf 91' lang='lat' dir='ltr'>qui</span> <span class='ocrx_word' id='word_1_384' title='bbox 584 4454 642 4502; x_wconf 92' lang='lat' dir='ltr'>inde</span> <span class='ocrx_word' id='word_1_385' title='bbox 656 4455 795 4510; x_wconf 81' lang='lat' dir='ltr'>fluxerunt,</span> <span class='ocrx_word' id='word_1_386' title='bbox 810 4453 913 4514; x_wconf 85' lang='lat' dir='ltr'>placuit.</span> <span class='ocrx_word' id='word_1_387' title='bbox 979 4451 1105 4500; x_wconf 85' lang='lat' dir='ltr'>Ellendtio</span> <span class='ocrx_word' id='word_1_388' title='bbox 1125 4450 1300 4513; x_wconf 87' lang='lat' dir='ltr'>corrigendum</span> <span class='ocrx_word' id='word_1_389' title='bbox 1317 4441 1503 4502; x_wconf 61' lang='lat' dir='ltr'>videaturaut</span> <span class='ocrx_word' id='word_1_390' title='bbox 1600 4498 1601 4515; x_wconf 29' lang='lat'>3</span> 
     </span>
    </p>

    <p class='ocr_par' dir='ltr' id='par_1_7' title="bbox 395 4523 1600 4672">
     <span class='ocr_line' id='line_1_42' title="bbox 428 4523 1501 4598; baseline -0.013 -18"><span class='ocrx_word' id='word_1_391' title='bbox 428 4535 492 4594; x_wconf 82' lang='lat' dir='ltr'>quod</span> <span class='ocrx_word' id='word_1_392' title='bbox 508 4534 607 4598; x_wconf 69' lang='lat' dir='ltr'>crepant.</span> <span class='ocrx_word' id='word_1_393' title='bbox 641 4532 789 4581; x_wconf 89' lang='lat' dir='ltr'>Mutandum</span> <span class='ocrx_word' id='word_1_394' title='bbox 803 4546 892 4580; x_wconf 88' lang='lat' dir='ltr'>censeo</span> <span class='ocrx_word' id='word_1_395' title='bbox 905 4531 931 4577; x_wconf 92' lang='lat' dir='ltr'>in</span> <span class='ocrx_word' id='word_1_396' title='bbox 980 4530 1112 4590; x_wconf 81' lang='lat' dir='ltr'>utcumque</span> <span class='ocrx_word' id='word_1_397' title='bbox 1131 4531 1183 4587; x_wconf 85' lang='lat' dir='ltr'>ert,</span> <span class='ocrx_word' id='word_1_398' title='bbox 1205 4531 1243 4576; x_wconf 85' lang='lat' dir='ltr'>est</span> <span class='ocrx_word' id='word_1_399' title='bbox 1263 4530 1292 4575; x_wconf 80' lang='lat' dir='ltr'>iu</span> <span class='ocrx_word' id='word_1_400' title='bbox 1313 4529 1351 4575; x_wconf 79' lang='lat' dir='ltr'>hia</span> <span class='ocrx_word' id='word_1_401' title='bbox 1362 4545 1406 4571; x_wconf 90' lang='lat'>-:</span> <span class='ocrx_word' id='word_1_402' title='bbox 1422 4523 1445 4569; x_wconf 89' lang='lat' dir='ltr'>in</span> <span class='ocrx_word' id='word_1_403' title='bbox 1458 4533 1501 4580; x_wconf 86' lang='lat' dir='ltr'>quo</span> 
     </span>
     <span class='ocr_line' id='line_1_43' title="bbox 395 4606 1600 4672; baseline -0.012 -12"><span class='ocrx_word' id='word_1_404' title='bbox 395 4627 469 4672; x_wconf 84' lang='lat' dir='ltr'>quum</span> <span class='ocrx_word' id='word_1_405' title='bbox 487 4613 584 4672; x_wconf 73' lang='lat' dir='ltr'>aequat.</span> <span class='ocrx_word' id='word_1_406' title='bbox 620 4611 688 4659; x_wconf 91' lang='lat' dir='ltr'>Nihil</span> <span class='ocrx_word' id='word_1_407' title='bbox 702 4615 739 4659; x_wconf 87' lang='lat' dir='ltr'>cst</span> <span class='ocrx_word' id='word_1_408' title='bbox 750 4611 851 4660; x_wconf 85' lang='lat' dir='ltr'>istarum</span> <span class='ocrx_word' id='word_1_409' title='bbox 864 4611 930 4658; x_wconf 88' lang='lat' dir='ltr'>Con·</span> <span class='ocrx_word' id='word_1_410' title='bbox 981 4623 1031 4656; x_wconf 92' lang='lat' dir='ltr'>non</span> <span class='ocrx_word' id='word_1_411' title='bbox 1046 4607 1158 4665; x_wconf 85' lang='lat' dir='ltr'>attendit,</span> <span class='ocrx_word' id='word_1_412' title='bbox 1171 4607 1420 4665; x_wconf 83' lang='lat' dir='ltr'>tumdiciuteumque,</span> <span class='ocrx_word' id='word_1_413' title='bbox 1433 4612 1500 4661; x_wconf 87' lang='lat' dir='ltr'>quun</span> <span class='ocrx_word' id='word_1_414' title='bbox 1596 4606 1600 4621; x_wconf 60' lang='lat'>³</span> 
     </span>
    </p>
   </div>
   <div class='ocr_carea' id='block_1_4' title="bbox 0 0 1639 5500">
    <p class='ocr_par' dir='ltr' id='par_1_8' title="bbox 0 0 1639 5500">
     <span class='ocr_line' id='line_1_44' title="bbox 0 0 1639 5500; baseline 0 0"><span class='ocrx_word' id='word_1_415' title='bbox 0 0 1639 5500; x_wconf 95' lang='lat' dir='ltr'> </span> 
     </span>
    </p>
   </div>
  </div>
 </body>
</html>
