3242 5500
392 527 465 596 372
724 547 837 594 11111111
864 546 1033 594 ruamus.
1062 528 1079 608 t
1107 528 1188 596 226.
1269 619 1272 623 Ι

393 718 600 816 republica
631 744 705 791 esse
727 719 906 814 delapsos
934 743 1148 843 quamquain
1173 729 1252 794 eat
1237 723 1307 795 teal
1327 727 1482 798 texituri

392 829 532 916 civitate
576 825 656 924 [rat'
647 853 681 900 ιο
722 823 900 923 vivendi],
934 853 973 900 ac
1005 830 1202 926 posteritati
1234 841 1289 905 ost
1275 835 1389 907 tendit
1374 843 1444 921 t,ur
1470 843 1503 904 ut

393 964 513 1011 eorum
545 938 692 1024 civium,
726 962 814 1033 quos
842 938 952 1009 nostri
983 947 1099 1034 patres
1133 964 1203 1011 non
1235 943 1413 1066 tulerunt,
1445 944 1504 1015 iam

394 1049 525 1120 similes
567 1047 695 1119 habere
737 1048 932 1144 cupiamus.
996 1047 1121 1135 Mitte,
1153 1048 1333 1231 eobsecro,
1382 1053 1503 1148 inquit,

401 1158 545 1243 Crasse,
580 1155 716 1243 Iulius,
753 1180 948 1230 sermonem
986 1159 1032 1229 ist
1034 1182 1115 1244 um,
1223 1169 1258 1232 te
1223 1113 1337 1236 tad
1372 1160 1504 1234 Gracchi

393 1217 548 1339 fistulani
581 1267 689 1353 refer,
723 1267 824 1340 cuius
862 1292 928 1362 ego
953 1217 1115 1339 nonduni
1138 1166 1243 1366 plisna
1267 1297 1305 1342 ra
1306 1272 1437 1344 tionem
1459 1271 1502 1340 in·
1522 1279 1525 1286 '

394 1377 527 1472 telligo.
1292 1407 1294 1412 ·

323 1492 366 1560 61
445 1487 488 1558 In
514 1487 610 1560 omni
632 1511 728 1574 voce,
753 1487 870 1609 inquit
856 1487 1062 1574 t,Crassus
1085 1495 1139 1559 θεῖ
1156 1488 1324 1582 quiddam
1344 1463 1505 1573 medium,

323 1617 370 1668 111
396 1597 458 1668 sed
478 1621 581 1669 suum
598 1597 726 1692 cuique
743 1598 829 1668 voci.
874 1595 970 1669 Hinc
998 1597 1173 1692 gradatim
1194 1598 1381 1671 ascendere
1402 1621 1505 1670 vocam

395 1705 482 1778 utile
519 1713 554 1777 et
591 1731 695 1777 suave
729 1713 800 1778 est:
841 1731 922 1778 narn
950 1731 971 1778 a
1002 1707 1176 1803 principio
1207 1708 1355 1780 clamare·
1386 1713 1506 1804 agreste

395 1815 565 1912 quiddam
598 1823 671 1888 cst:
706 1823 741 1887 at
771 1815 861 1888 illud
891 1816 986 1888 idem
1015 1816 1060 1888 ad
1092 1817 1300 1890 firmandam
1326 1825 1380 1890 θεῖ
1403 1841 1505 1890 vocem

396 1925 557 1996 salutare.
608 1923 746 1997 Deinde
771 1933 823 2000 θεῖ
849 1926 1018 2022 quiddam
1043 1928 1279 2000 contentionis
1305 1936 1505 2010 extremum,

396 2034 492 2131 quod
531 2040 648 2105 tamen
686 2034 834 2108 interius
874 2043 927 2107 θεῖ
969 2060 1076 2131 quam
1112 2036 1337 2109 acutissimus
1375 2038 1505 2120 clamor,

397 2168 467 2240 quo
502 2151 537 2215 ῖθ
571 2144 690 2215 fistula
725 2144 891 2240 progredi
921 2169 991 2216 non
1030 2145 1137 2230 sinet,
1175 2154 1210 2217 et
1239 2139 1358 2218 tamen
1381 2147 1423 2218 ab
1442 2147 1505 2240 ipsa

396 2252 618 2325 contentione
648 2254 837 2326 revocabit:
874 2262 927 2326 est
952 2255 1037 2326 item
1059 2263 1180 2326 contra
1205 2255 1376 2350 quiddam
1402 2257 1436 2327 in
1460 2277 1503 2324 re·

396 2363 563 2434 missione
587 2363 854 2457 gravissimum,
880 2389 1020 2460 quoque
1043 2371 1233 2460 tamquam·
1250 2389 1415 2436 sonorum
1439 2389 1504 2460 gra·

311 2525 321 2538 .
396 2472 501 2545 dibus
533 2472 769 2553 descenditur.
823 2473 922 2545 Haec
954 2473 1119 2559 varietas,
1154 2481 1190 2545 et
1221 2473 1278 2546 hic
1308 2499 1372 2571 per
1399 2496 1505 2546 omnes

396 2607 499 2654 sonos
533 2582 631 2654 vocis
667 2606 789 2654 cursus
823 2591 858 2655 et
894 2607 931 2654 se
961 2582 1148 2678 tuebitur,·
1176 2591 1210 2654 et
1242 2584 1371 2655 actioni
1400 2583 1504 2654 afferat

395 2693 615 2765 suavitatem.
656 2692 726 2764 Sed
750 2693 982 2765 fistulatorem
1008 2691 1104 2765 domi
1126 2693 1355 2789 relinquetis,
1379 2716 1505 2766 sensum

395 2802 501 2874 huius
523 2802 789 2875 consuetudinis
811 2802 992 2875 vobiscum
1015 2803 1060 2874 ad
1084 2802 1198 2875 forum
1223 2803 1396 2877 deferetis.

322 2942 371 2988 aaa
443 2912 563 2997 Edidi,
587 2937 676 3008 quac
700 2913 818 3008 potui,
844 2936 915 2983 non
941 2920 980 3001 ut
1003 2912 1114 2998 volui,
1141 2912 1203 2983 scd
1227 2919 1267 2984 ut
1280 2938 1338 2985 me
1351 2910 1505 3007 temporis

395 3022 579 3143 angustiae
609 3030 818 3117 coegerunt:
853 3024 978 3093 scitum
1009 3030 1062 3093 est
1085 3022 1179 3093 enirn
1201 3047 1343 3095 causam
1366 3022 1505 3094 consenc

395 3130 432 3202 in
459 3139 616 3227 t‚empus
650 3156 761 3227 quum
784 3132 908 3203 afferre
931 3130 1052 3227 plura,
1084 3130 1112 3203 si
1138 3131 1279 3225 cupias,
1304 3157 1374 3204 non
1399 3154 1504 3227 queas

396 3239 450 3309 'ru
487 3264 587 3325 vero,
622 3239 834 3337 inquitt
767 3241 834 3313 Cat
835 3240 935 3325 uiua,
968 3240 1139 3335 collegisti
1170 3241 1309 3327 omnia,
1347 3265 1436 3337 quan
1437 3246 1506 3309 tum

396 3372 462 3443 ego
494 3373 637 3446 possum
670 3351 900 3435 iudicare,t
873 3351 921 3422 ita
943 3349 1069 3421 divinit
1055 3358 1133 3435 tm,
1171 3358 1211 3421 ut
1236 3339 1307 3421 non
1334 3376 1354 3423 a
1378 3347 1507 3421 Graecis

397 3458 580 3545 sumsisse,
604 3458 666 3530 sed
687 3484 745 3530 cos
768 3460 863 3555 ipsos
885 3458 969 3530 haec
995 3458 1117 3529 docere
1143 3483 1244 3553 posse
1269 3460 1416 3531 videare
1453 3456 1506 3527 Me

429 3788 487 3837 227.
502 3789 528 3837 et
542 3788 632 3836 tamen.
668 3790 863 3837 Henrichsanins
876 3804 931 3837 cor·
981 3789 1092 3837 oratione
1109 3791 1262 3848 complexum
1282 3802 1348 3835 ecca.-
1369 3796 1505 3847 quamquam

393 3865 503 3929 rigebat,
525 3870 551 3914 et
564 3868 628 3914 iam.-
651 3866 712 3915 mihi
732 3868 813 3929 aptius
835 3869 933 3916 videtur
981 3871 1048 3915 recte
1068 3866 1158 3913 dicitur
1178 3881 1203 3915 v.
1225 3879 1247 3913 c.
1261 3865 1438 3927 paucircerbir
1450 3876 1507 3910 com-

393 3945 526 4007 oorrigcre,
540 3948 567 3993 et
581 3946 653 3993 clam.
976 3946 1072 4005 praeta
1091 3958 1179 3992 verum
1201 3942 1249 3991 hoo
1270 3958 1337 3991 nnnc
1356 3950 1406 3990 n'on
1422 3941 1505 4003 agitur:

426 4024 452 4070 et
474 4037 501 4071 ae
521 4023 641 4070 tuebitur.
677 4025 786 4072 Conccdi
804 4038 856 4073 non
875 4029 931 4086 pot·
981 4023 1025 4071 sed
1045 4024 1188 4083 complexus
1208 4026 1261 4073 erat
1279 4024 1308 4069 io
1329 4023 1438 4076 oratore,
1458 4018 1474 4064 i.
1487 4030 1506 4063 c.

259 4147 262 4155 ‚
335 4142 339 4148 .
393 4106 431 4149 eat
467 4106 495 4151 ut
530 4101 625 4149 dicatur
657 4104 765 4151 varietur
793 4118 820 4149 ac
858 4104 932 4151 tucri.
980 4102 1005 4149 in
1021 4102 1123 4149 oratoris
1137 4102 1162 4148 vi
1177 4105 1202 4148 et
1215 4101 1316 4149 nomine
1330 4098 1507 4147 definiendoeas

394 4180 575 4243 Corrigendum
595 4180 719 4241 suspicor,
740 4184 766 4247 ct
785 4182 864 4243 ipsam
878 4184 931 4229 tae·
980 4180 1067 4227 laudes
1090 4184 1216 4240 tamquam
1238 4193 1294 4227 snas
1315 4194 1344 4227 ac
1360 4177 1469 4239 proprias
1487 4172 1506 4219 ci

393 4258 474 4315 citur,
490 4263 517 4306 ut
530 4272 609 4307 vocem
623 4260 690 4306 tueri
703 4258 931 4319 mododicabatur,
980 4257 1094 4306 tribuisti
1112 4260 1150 4306 De
1165 4256 1243 4305 verbo
1256 4258 1381 4317 complecti
1395 4253 1507 4303 nonnulla

394 4340 477 4395 5224.
980 4341 1024 4385 no
1025 4351 1064 4385 avr
1078 4350 1166 4397 snpra
1181 4335 1269 4394 ad§7
1273 4341 1299 4384 5:
1257 4334 1378 4403 iconi.
1395 4333 1477 4393 5126.

427 4418 483 4463 228.
500 4429 561 4477 quac
575 4417 603 4463 tu
616 4418 728 4463 oratione
742 4384 882 4476 complexas
896 4431 929 4463 ec
1013 4416 1071 4462 229.
1084 4414 1147 4473 fore
1161 4414 1240 4461 dicta?
1257 4398 1390 4475 iuquit-2
1425 4409 1506 4459 Etad·

393 4494 533 4555 Impropria
547 4494 577 4540 de
592 4495 667 4556 ionga
681 4494 929 4555 etmultipliciCrassi
978 4492 1042 4540 iecto
1017 4493 1107 4540 toillo
1124 4492 1273 4539 dicicfacile
1288 4506 1393 4539 caream:
1409 4494 1434 4537 et
1447 4487 1506 4549 quod

391 4571 556 4632 disputatione
582 4573 640 4620 dicit
630 4579 671 4620 tur
691 4588 748 4621 eum
767 4573 823 4620 ilias
845 4574 930 4621 laudea
979 4570 1074 4619 correxi
1095 4572 1162 4619 recte
1185 4571 1299 4632 confidis,
1324 4584 1367 4633 pro
1388 4582 1412 4617 r.
1433 4566 1504 4619 uider,
