3242 5500
445 553 559 602 arana
585 553 788 604 sncuuous.
818 537 835 617 §
862 536 918 606 76.
980 546 983 549 ’
1180 536 1244 605 151

128 733 182 796 aut
201 726 440 819 arrogantius,
461 733 523 798 aut
544 725 727 820 loquacius
751 726 827 798 fieri
852 725 987 822 potuit,
1014 749 1120 819 quem
1146 724 1246 798 Han·

128 833 249 918 nibali,
283 834 346 928 qui
378 835 557 906 16166616
582 835 626 906 (16
649 835 798 930 imperio
824 859 904 907 cum
929 834 1061 930 populo
1085 834 1247 906 Romano

125 943 277 1014 omnium
300 944 462 1038 gentium
487 945 614 1016 victore
638 951 822 1029 certasset,
850 945 1023 1015 Graecum
1046 942 1246 1030 hominem,

125 1051 182 1146 qui
204 1076 399 1147 numquam
423 1053 580 1138 hostem,
605 1077 801 1148 numquam
826 1060 936 1124 castra
952 1051 1117 1137 vidisset,
1142 1076 1245 1124 num·

124 1185 224 1255 quam
254 1160 407 1256 denique
430 1161 613 1234 minimam
637 1169 773 1256 partem
798 1161 906 1234 ullius
930 1160 1064 1256 publici
1090 1161 1247 1234 muneris

123 1269 312 1364 attigisset,
349 1278 534 1365 praecepta
568 1270 612 1342 de
646 1295 684 1341 re
718 1270 862 1342 militari
894 1269 1000 1342 dare?
1051 1268 1130 1342 Hoc
1155 1270 1244 1342 mihi

123 1379 227 1452 iecere
249 1403 374 1452 omnes
396 1379 476 1465 isti,
507 1379 571 1474 qui
595 1378 640 1450 (16
663 1389 738 1452 arte
764 1379 905 1455 dicendi
929 1378 1171 1475 praecipiunt,
1196 1380 1246 1453 vi·

123 1488 260 1561 dentur:
294 1487 389 1583 quod
421 1491 516 1562 enim
548 1487 618 1583 ipsi
650 1489 785 1584 experti
818 1513 889 1560 non
921 1495 1024 1573 sunt,
1057 1487 1096 1559 id
1121 1488 1248 1561 docent

121 1605 263 1670 ceteros:
299 1597 360 1668 sed
394 1595 460 1668 hoc
493 1586 611 1669 minus
635 1597 782 1670 fortasse
807 1605 944 1683 errent,
970 1598 1067 1692 quod
1091 1622 1164 1670 non
1190 1607 1246 1684 te,

121 1714 158 1780 ut
180 1706 238 1778 ille
261 1704 523 1792 Hannibalem,
542 1706 605 1778 sed
616 1730 743 1802 pueros
756 1714 819 1779 aut
830 1706 1110 1780 adolescentulos
1123 1708 1246 1780 dooere

120 1825 296 1888 conantur.

163 1925 288 2010 Erras,
312 1924 457 2009 Catule,
484 1923 601 2021 inquit
623 1923 819 1998 Antonius:
847 1947 930 1996 nam
948 1932 1086 2020 egomet
1099 1925 1135 1996 in
1149 1925 1238 1998 mul·
1269 1931 1315 2000 19

120 2041 168 2106 166
201 2035 274 2108 iam
308 2033 538 2106 Phormiones
573 2033 694 2106 incidi.
747 2034 838 2110 Quis
877 2034 971 2106 enim
1009 2041 1060 2105 est
1096 2034 1247 2108 istorum
1271 2054 1302 2106 ‘u

121 2144 350 2230 Graecorum,
387 2142 450 2239 qui
482 2166 695 2239 quemquam
727 2151 889 2216 nostrum
919 2142 1115 2239 quidquam
1138 2143 1243 2216 16161-

120 2251 220 2346 ligere
243 2253 458 2325 arbitretur?
482 2250 535 2324 Ae
559 2252 648 2324 mihi
668 2251 814 2347 quidem
835 2276 905 2324 non
925 2251 975 2324 116
987 2251 1126 2324 molesti
1140 2262 1241 2339 sunt;

120 2361 212 2432 facile
241 2386 367 2434 omnes
397 2361 575 2457 perpetior
599 2367 634 2433 et
657 2361 812 2456 perfero:
838 2385 921 2433 nam
945 2367 1007 2432 aut
1031 2360 1167 2456 aliquid
1190 2363 1242 2434 al·

120 2470 248 2556 161661,
277 2471 374 2567 quod
396 2470 486 2542 mihi
513 2495 584 2542 non
609 2469 812 2567 displiceat,
838 2476 899 2542 aut
925 2465 1100 2556 efficiunt,
1126 2478 1165 2542 ut
1189 2495 1245 2544 me

120 2603 184 2650 non
213 2580 380 2654 didicisse
404 2581 522 2652 minus
548 2581 743 2675 poeniteat:
783 2579 922 2651 dimitto
946 2586 1064 2651 autem
1091 2604 1150 2651 eos
1173 2603 1244 2652 non

119 2696 185 2763 tam
207 2690 481 2777 contumeliose,
507 2713 613 2786 quam
640 2687 891 2786 philosophum
914 2688 1016 2764 illum
1041 2686 1244 2776 Hannibal,

119 2805 150 2869 et
173 2824 212 2871 eo
235 2801 383 2873 fortasse
406 2801 488 2897 plus
512 2799 625 2872 habeo
652 2795 789 2895 [etiam]
818 2799 970 2895 negotii:
986 2798 1178 2871 scdtamen
1192 2805 1244 2869 est

117 2931 230 2981 eorum
253 2909 436 2995 doctrina,
470 2917 645 3005 quantum
669 2933 736 3005 ego
761 2908 915 2981 iudicare
939 2931 1105 3005 possum,
1132 2907 1241 3003 perri-

117 3015 235 3090 (116616.
288 3018 469 3090 Dividunt
502 3020 596 3091 enim
629 3026 740 3091 totam
764 3042 838 3089 rem
863 3017 901 3089 in
927 3016 1016 3089 duas
1041 3025 1177 3112 partes,
1204 3018 1242 3090 in
1270 3041 1299 3093 aa

116 3149 231 3198 causae
272 3127 563 3213 controversiam,
597 3135 633 3199 61
665 3127 703 3199 16
734 3126 972 3223 quaestionis:
1007 3150 1147 3199 causam
1180 3152 1241 3223 ap-

117 3235 241 3329 pellant
265 3261 342 3308 rem
366 3237 517 3332 positam
541 3238 579 3311 in
602 3236 856 3334 disceptatione
879 3260 1017 3307 reorum
1044 3242 1078 3308 et
1106 3244 1240 3309 contro·

114 3550 175 3599 hune
193 3552 362 3614 respondisse.
408 3554 541 3615 Aliquanto
561 3554 649 3603 melius
734 3552 885 3602 76611116
906 3550 1076 3599 Hannibalem.
1117 3552 1241 3602 Revocavi

113 3629 236 3690 apparebit
249 3629 419 3679 Hannibalem
432 3647 483 3681 666
497 3632 543 3681 nisi
556 3631 650 3681 abillis
700 3632 754 3689 1116,
769 3644 899 3691 perperam
913 3628 1045 3677 novissime
1060 3628 1185 3677 omissum.

113 3714 269 3767 provocatum
288 3708 353 3757 illud
376 3710 407 3757 de
422 3710 571 3759 Phormione
584 3710 648 3758 iudi·
734 3709 773 3759 77.
787 3712 849 3769 plac
862 3707 935 3755 tabeo
948 3706 1047 3769 [ettam]
1062 3708 1160 3770 capotii.
1178 3710 1238 3757 Par·

113 3785 172 3832 cium
192 3787 408 3848 pronuntiavisee,
423 3788 443 3836 61
457 3789 527 3837 16666
540 3789 574 3837 116
588 3803 648 3840 666·
685 3788 879 3847 'ticulaqetiam
892 3800 1014 3847 nusquam
1027 3785 1053 3833 in
1064 3784 1111 3835 ha‘c
1119 3787 1240 3837 sententia

112 3862 230 3913 stituetur:
248 3866 320 3923 tum,
335 3880 410 3927 qaum
424 3867 515 3924 aeteri,
530 3868 649 3930 pratillum
698 3868 768 3915 locus
782 3870 827 3914 est.

111 3941 251 4001 audierant,
266 3944 420 3993 veliementer
433 3945 559 4002 delectati,
574 3959 647 4005 qaae-
734 3944 774 3994 78.
792 3946 819 3991 ia
832 3944 1010 4003 disceptatione
1021 3956 1127 3991 reorum.
1145 3946 1240 3993 Desero

111 4022 240 4069 66666161
253 4020 405 4080 Hannibale,
420 4022 537 4082 quidnam
554 4023 606 4082 qtae
619 4024 649 4069 de
699 4022 879 4084 suspicionem,
902 4036 977 4082 quam
990 4021 1050 4069 olim
1063 4021 1160 4071 tuebar,
1194 4022 1240 4069 1161

110 4097 148 4146 illo
162 4100 308 4161 philosopha
327 4101 465 4159 iudicaret,
487 4102 527 4149 116
543 4115 592 4148 666
604 4115 647 4159 op-
699 4105 883 4161 sunt,qnorum
891 4114 930 4149 res
938 4099 1018 4162 agitur
1025 4100 1052 4149 in
1058 4100 1239 4149 iudicioteonf.

112 4174 165 4223 um
179 4177 287 4235 Graece,
303 4204 345 4225 —.
380 4178 646 4240 Ernestusinhispo·
696 4177 1239 4237 1611611111,134,137,183.111.1109.

110 4255 199 4304 61166116
226 4256 267 4303 tic
291 4256 421 4305 omiserat:
443 4258 487 4305 scd
507 4255 649 4319 praestabat
732 4258 762 4303 de
775 4257 943 4316 6116666616
956 4255 1053 4303 dicendi
1065 4256 1154 4305 mirum
1164 4258 1238 4303 aileu·

110 4331 157 4378 eins
169 4334 647 4396 166666ιί616161616661611666166661-
698 4336 770 4383 tium.
804 4336 836 4382 In
849 4334 902 4393 his,
925 4335 1037 4390 dicendi,
1058 4333 1239 4394 quodfuerunt

110 4415 172 4467 tere,
199 4427 278 4473 quum
299 4414 444 4473 praesertim
465 4414 561 4462 Poeaus
581 4414 648 4475 apud
698 4413 740 4473 qui
760 4413 916 4470 omitterent,
936 4412 1083 4461 firmandum
1103 4413 1237 4473 exemplis,

110 4565 217 4617 16611666
231 4570 354 4631 appellari
369 4572 455 4619 soleat.
698 4570 946 4627 6666666116611616,
963 4584 1007 4631 pro
1022 4568 1120 4617 mirum.
