3242 5500
455 568 569 617 larana
596 569 765 617 ruamus
796 552 813 631 ἓ
839 552 896 619 30.
1171 552 1241 621 283

108 742 306 835 quarndam
341 742 509 813 rationem
546 743 664 814 attulit
687 743 874 827 orationis,
908 752 941 815 et
964 745 1103 818 dicendi
1128 768 1241 839 genus

107 850 256 923 induxit
288 876 396 947 prope
431 852 633 947 singulare?
672 853 763 927 Quis
795 876 965 948 urnquam
1002 880 1077 940 res,
1105 862 1242 949 praeter

109 959 231 1046 hunc,
263 956 430 1055 [tragicas
456 986 566 1057 paene
591 956 760 1057 comica]
781 962 899 1034 tristes
917 965 1079 1051 remisse,
1107 989 1241 1037 severas

108 1069 245 1155 hilare,
284 1071 436 1142 forenses
473 1072 608 1143 scenica
638 1095 746 1173 prope
779 1080 960 1150 venustate
984 1076 1143 1147 tractavit
1188 1084 1240 1147 at·

108 1205 183 1275 que
218 1181 289 1266 ita,
327 1189 364 1252 ut
400 1204 515 1276 neque
544 1182 640 1253 iocus
666 1181 913 1277 magnitudine
937 1208 1053 1255 rerum
1078 1184 1239 1256 exclude-

106 1297 230 1375 retur,
257 1314 322 1361 nec
344 1291 494 1385 gravitas
519 1291 652 1363 facetiis
676 1292 917 1393 minueretur?
943 1292 1050 1380 Ecce,
1076 1318 1238 1389 praesen·
1266 1317 1294 1361 ar

107 1407 163 1470 tes
196 1400 269 1471 duo
298 1423 406 1496 prope
430 1400 612 1495 aequales,
640 1401 817 1497 Sulpicius
840 1410 875 1473 et
901 1403 1024 1476 Cotta:
1053 1404 1142 1500 quid
1165 1412 1239 1476 tam

106 1510 204 1581 inter
232 1533 269 1580 se
299 1510 495 1582 dissimile?
525 1509 612 1605 quid
634 1518 707 1583 tam
730 1512 766 1582 in
793 1536 857 1583 suo
882 1536 1010 1607 genere
1032 1517 1239 1608 praestans?

105 1620 256 1691 limatus
291 1619 379 1692 alter
407 1628 441 1692 et
465 1620 625 1706 subtilis,
652 1644 726 1692 rem
750 1621 929 1715 explicans
955 1623 1106 1718 propriis
1129 1625 1244 1719 aptis·-

105 1752 179 1823 que
217 1727 354 1815 verbis,
393 1731 511 1801 haeret
547 1731 582 1801 in
619 1754 723 1801 causa
753 1754 909 1826 semper,
936 1740 991 1819 et,
1018 1733 1106 1828 quid
1128 1734 1238 1805 iudici

105 1837 335 1934 probandum
372 1840 417 1911 sit
447 1864 558 1936 quum
595 1840 795 1912 acutissime
827 1841 935 1927 vidit,
973 1842 1112 1914 omissis
1148 1853 1236 1916 cete·

104 1949 154 2019 ris
190 1943 466 2045 [argumentis],
498 1950 535 2023 in
559 1974 599 2021 eo
625 1959 779 2023 mentem
803 1952 1068 2049 orationemque
1093 1952 1235 2051 defigit:

105 2056 292 2153 Sulpicius
316 2066 434 2131 autern
459 2059 649 2131 fortissimo
672 2058 825 2155 quodam
849 2060 958 2133 animi
981 2062 1136 2158 impetu,
1163 2065 1236 2161 ple-

104 2167 258 2239 nissima
287 2176 322 2240 et
337 2170 502 2241 'maxima
526 2193 627 2255 voce,
655 2194 792 2241 summa
815 2171 1041 2242 contentione
1064 2175 1235 2268 corporis,

104 2286 140 2347 et
177 2276 354 2371 dignitate
386 2288 523 2364 motus,
560 2277 744 2350 verborum
778 2303 920 2375 quoque
945 2304 985 2351 ea
1010 2282 1178 2375 gravitate
1202 2293 1236 2356 et

103 2386 210 2482 copia
246 2394 319 2473 est,
353 2397 392 2460 ut
414 2413 507 2461 unus
532 2388 577 2459 ad
601 2388 790 2461 dicendum
816 2389 1107 2463 instructissimus
1132 2416 1153 2463 a
1174 2419 1235 2465 na·

103 2506 189 2568 tura
213 2520 290 2568 esse
314 2497 482 2570 videatur.

156 2605 217 2677 Ad
252 2596 389 2679 ndsmet
425 2608 519 2703 ipsos
544 2610 614 2681 iam
635 2615 805 2694 revertor,
833 2610 999 2704 quoniam
1031 2612 1080 2683 sic
1104 2612 1236 2686 suimus
1262 2619 1283 2684 9

104 2740 248 2811 semper
284 2719 494 2813 comparati,
534 2728 573 2791 ut
607 2718 791 2790 hominum
829 2720 1048 2794 sermonibus
1073 2723 1176 2818 quasi
1198 2724 1236 2796 in
1262 2744 1292 2789 aa

102 2826 254 2922 aliquod
284 2827 517 2899 contentionis
558 2828 728 2900 iudicium
764 2853 977 2915 vocaremur,
1033 2833 1132 2908 Quid
1164 2841 1234 2905 tam

102 2936 300 3022 dissimile,
339 2961 444 3031 quam
481 2961 545 3032 ego
578 2939 614 3009 in
649 2938 797 3010 dicendo
835 2947 870 3011 et
893 2937 1098 3014 Antonius?
1124 2967 1235 3040 quum

102 3046 165 3117 ille
202 3047 233 3118 is
269 3047 315 3118 sit
344 3054 477 3132 orator,
509 3055 549 3119 ut
572 3047 661 3119 nihil
685 3072 725 3118 eo
750 3048 861 3144 possit
884 3074 960 3122 esse
982 3053 1232 3147 praestantius;

103 3180 173 3250 ego
203 3164 344 3241 autem,
371 3180 584 3252 quamquam
609 3166 737 3229 memet
761 3158 830 3230 mei
856 3160 1034 3254 poenitet,
1062 3188 1143 3235 curn
1169 3163 1234 3235 hoc

102 3445 210 3478 moveor
230 3431 426 3478 consideratione
439 3433 607 3492 sequentium,
622 3433 648 3480 in
696 3433 732 3480 illi
746 3435 771 3480 in
784 3435 864 3482 causis
872 3438 1024 3494 comparari,
1038 3437 1055 3483 i.
1065 3452 1086 3485 e.
1095 3440 1234 3487 alteralteri

102 3509 195 3570 quihus
216 3509 322 3570 propriis
343 3509 419 3572 magis
436 3509 518 3559 verbis
530 3511 596 3559 idern
610 3511 648 3559 di·
696 3512 797 3572 opponi.
834 3512 1014 3560 ldeodelenda
1029 3516 1117 3577 l'raep.
1132 3518 1166 3564 tn.
1194 3518 1234 3566 Sic

102 3589 178 3636 citur.
197 3587 282 3636 Minus
295 3589 407 3635 offendor
421 3587 538 3636 adverbio
551 3590 647 3646 comice,
696 3592 835 3650 comparari
848 3590 904 3638 Liv.
920 3592 1037 3639 XXXVI.
1054 3592 1077 3642 7.
1094 3595 1132 3641 10.
1151 3598 1233 3653 Quum

103 3667 173 3728 quod
194 3667 272 3730 (sicut
293 3667 401 3730 tropice,
424 3669 492 3715 Brut
514 3671 526 3725 ξ
541 3667 586 3729 43)
601 3667 649 3714 hoc
695 3666 748 3714 aliis
762 3668 823 3715 locis
837 3670 987 3728 comparatio
1001 3674 1026 3716 et
1038 3673 1233 3721 coutentioidern

102 3760 156 3793 uno
168 3749 267 3794 tantum
282 3745 338 3793 loco
352 3745 559 3807 deprehenditur,
574 3761 647 3808 quam
694 3745 833 3807 significare
846 3747 977 3794 videantur
990 3750 1030 3810 (ut
1044 3748 1115 3796 Offic.
1128 3750 1148 3797 1.
1158 3755 1170 3809 §
1180 3753 1232 3811 58),

103 3825 172 3886 quod
185 3822 319 3881 scribitur,
329 3838 409 3883 paene
422 3825 518 3873 comice.
696 3823 744 3871 hoc
756 3829 840 3872 tamen
855 3826 910 3872 loco
925 3825 1123 3888 distinguuntur,
1139 3845 1233 3891 neque,

137 3905 179 3950 31.
215 3903 312 3950 omissis
342 3905 431 3950 ceteris
460 3903 648 3964 [accurrentis]
696 3909 723 3951 ut
736 3904 900 3952 contentionis
912 3903 1043 3963 iudicium,
1059 3907 1094 3953 sic
1107 3923 1232 3969 eompara-

102 3982 314 4046 Quapdoquidem
325 3981 584 4043 argumentisutuntur
593 3996 646 4029 ora·
696 3981 769 4028 tionis
782 3981 901 4028 iudicium
913 3982 995 4030 dicere
1007 3982 1107 4032 licebat.

101 4067 169 4109 tores
183 4075 237 4108 nnn
251 4059 298 4108 uisi
306 4059 583 4125 adprobandum(conf.
592 4061 647 4119 II.§
728 4061 756 4105 iu
776 4073 920 4121 unaquoque
940 4076 968 4107 re
988 4076 1146 4112 commorans.
1187 4067 1234 4114 Vix

104 4142 168 4196 162,
184 4138 250 4203 fin),
269 4139 323 4186 fieri
332 4139 550 4201 hocnonpoterat‚
560 4139 648 4186 ceteris
695 4138 743 4186 hoc
757 4152 813 4186 eum
826 4139 938 4198 reliquis,
953 4154 1015 4200 quae
1030 4142 1061 4189 de
1074 4145 1175 4191 Antonii
1189 4161 1232 4208 ge·

101 4218 368 4278 aryumouttsomtssia.
381 4219 647 4278 Dclendumestaryu-
696 4230 755 4265 nere
775 4217 875 4265 dicendi
893 4219 1080 4279 praedicantur,
1095 4225 1227 4285 conspirat:

101 4296 646 4358 meotis.Ceterasuntea,quaeadconcilian-
695 4295 773 4358 magis
799 4297 944 4345 conveniret
970 4300 1070 4356 Crasso,
1091 4302 1133 4362 qui
1154 4302 1185 4350 de
1206 4318 1232 4352 se

101 4376 267 4431 dnm,autad
275 4377 482 4424 commovendum
489 4375 646 4440 adhibentur.
696 4389 765 4431 mox,
787 4375 874 4436 quibos
892 4377 1001 4437 oeatipiis
1011 4380 1123 4438 primum
1137 4382 1232 4439 institi,

137 4456 178 4502 32.
197 4469 254 4502 cum
274 4455 319 4503 hoc
338 4481 371 4490 -
393 4456 443 4516 [tn]
467 4455 648 4516 comparatione
696 4453 722 4499 in
741 4453 774 4499 iia
792 4455 857 4501 soleo
865 4468 995 4514 perorare.
1031 4458 1091 4505 Ideo
1106 4460 1231 4520 suspicor,

101 4534 247 4596 contuemur.
271 4533 374 4582 Crassus
388 4536 647 4597 eoniuopebnturcum
696 4533 853 4596 negationem
895 4534 1026 4593 excidisse,
1065 4537 1232 4601 scriptumque

101 4613 214 4662 Antonio
236 4625 266 4660 eo
286 4612 354 4674 ipso,
378 4613 445 4676 quod
465 4611 578 4661 solebant
598 4613 647 4662 duo
694 4611 770 4688 fuisse
788 4627 836 4660 nco
848 4613 875 4660 in
887 4627 1035 4676 unaquaque
1046 4643 1087 4663 -.
