3242 5500
380 524 450 593 308
721 545 835 593 nrnuu
862 544 1034 595 rnurrus.
1062 528 1080 607 S
1107 527 1164 597 75.

381 740 451 787 non
487 716 581 787 enim
611 716 697 813 quid
723 741 808 812 eg0‚
836 716 898 789 sed
927 716 1014 812 quid
1040 724 1154 788 orator
1184 716 1313 811 possit,
1340 715 1510 812 disput0‚

380 834 487 921 atque
524 825 587 897 hos
612 850 751 911 omnes,
782 826 844 921 qui
869 834 961 898 artes
985 824 1177 898 rhetoricas
1202 834 1404 920 exponunt,
1430 850 1512 921 per·

381 934 559 1007 ridiculos.
602 934 768 1007 Soribunt
789 935 883 1006 enim
909 934 953 1007 de
976 935 1093 1007 litium
1118 958 1266 1029 genere,
1293 942 1328 1006 et
1350 934 1395 1006 de
1412 935 1512 1030 prin-

326 1066 356 1118 u
381 1042 503 1139 cipiis‚
542 1052 577 1115 et
611 1044 655 1117 de
677 1044 955 1117 narrationibus:
982 1044 1043 1116 illa
1067 1044 1119 1115 vis
1141 1052 1261 1117 autem
1287 1044 1513 1139 eloquentiae

345 1164 350 1169 ’
382 1160 480 1225 tanta
516 1159 584 1238 est,
622 1160 663 1223 ut
697 1152 856 1224 omnium
891 1176 1031 1238 rerum,
1068 1152 1260 1238 virtutum,
1292 1152 1513 1236 officiorum,

383 1260 567 1357 omnisque
604 1269 771 1347 naturae,
810 1286 901 1357 quae
938 1286 1054 1334 mores
1087 1260 1292 1347 hominum,
1320 1286 1411 1357 quae
1435 1262 1513 1333 ani·

385 1394 479 1455 mos,
506 1394 596 1467 quae
616 1370 723 1443 vitam
738 1371 912 1456 continet,
938 1370 1124 1465 originem,
1139 1370 1211 1443 vim
1227 1372 1515 1465 mutationesque

383 1488 518 1565 teneat;
538 1479 659 1551 eadem
671 1503 801 1564 mores,
820 1480 928 1574 leges,
947 1478 1226 1565 iuradescribat,
1245 1504 1318 1551 rem
1331 1479 1515 1575 publicam
1608 1553 1609 1576 2

383 1597 496 1683 regat,
523 1590 729 1685 omniaque,
755 1588 800 1659 ad
825 1613 1085 1685 quamcumque
1110 1613 1185 1660 rem
1210 1589 1429 1684 pertineant,
1456 1613 1513 1659 or·

328 1711 358 1764 rr
383 1707 464 1770 nate
500 1697 708 1793 copioseque
745 1696 850 1769 dicat.
914 1697 956 1769 In
997 1722 1067 1793 quo
1103 1722 1230 1793 genere
1268 1722 1333 1769 nos
1367 1696 1514 1793 quidem

385 1831 563 1879 versamur
586 1815 746 1892 tantum,
773 1815 947 1902 quantum
976 1831 1185 1901 possumus,
1212 1816 1386 1902 quantum
1411 1806 1513 1902 inge·

384 1916 464 2001 nio,
503 1924 674 2011 quantum
712 1916 879 1987 mediocri
916 1915 1096 2002 doctrina,
1129 1924 1301 2012 quantum
1327 1941 1396 1988 usu
1419 1916 1513 1987 vale·
1609 1921 1610 1978 †

384 2049 482 2111 mus;
509 2048 624 2121 neque
648 2032 767 2097 tamen
794 2024 894 2111 istie,
922 2024 1046 2119 quiin
1073 2049 1144 2097 una
1168 2024 1393 2121 philosophia
1410 2026 1514 2122 quasi

384 2132 651 2206 tabernaculum
683 2134 774 2206 vitae
809 2158 892 2205 suae
924 2134 1158 2219 collocarunt,
1186 2133 1339 2206 multum
1366 2136 1511 2207 sanein

384 2243 622 2338 disputatione
648 2242 883 2314 concedimus.
1223 2243 1226 2248 ’
1497 2314 1500 2319 .

312 2354 356 2423 21
436 2352 535 2427 Quid
553 2353 647 2424 enim
664 2376 763 2425 meus
779 2351 977 2438 familiaris,
997 2352 1038 2424 Ο.
1057 2350 1231 2438 Velleius,
1249 2352 1374 2424 afferre
1385 2360 1512 2449 potest,

329 2479 360 2531 ‘18
386 2459 614 2557 quamobrem
649 2461 808 2555 voluptas
844 2460 890 2533 sit
926 2485 1104 2534 summum
1140 2460 1295 2548 bonum,
1322 2462 1418 2557 quod
1449 2486 1512 2555 ego

385 2595 456 2643 non
491 2570 666 2666 copiosius
703 2572 836 2666 possim
869 2571 925 2642 vel
955 2562 1083 2657 tutari,
1111 2571 1145 2651 si,
1164 2570 1311 2657 vellem,
1336 2573 1392 2644 vel
1411 2570 1511 2643 resel-

386 2679 457 2752 lere
480 2704 522 2752 ex
546 2680 617 2752 illis
643 2680 748 2766 locis,
776 2703 865 2775 quos
882 2681 1046 2776 exposuit
1064 2679 1261 2768 Antonius,
1289 2680 1354 2754 hac
1373 2680 1512 2754 dicendi
1611 2762 1612 2767 η

387 2789 651 2875 exercitatluue,
687 2789 724 2862 in
761 2814 832 2884 qua
860 2788 1017 2862 Velleius
1043 2799 1096 2862 est
1121 2791 1240 2876 rudis,
1266 2791 1512 2887 unnsquisque
1611 2828 1612 2833 κ

385 3077 493 3134 iiciatur,
516 3081 529 3136 ξ
549 3077 594 3134 76,
609 3076 653 3123 ilia
666 3076 797 3124 meantem
812 3078 925 3137 eloquem-
976 3077 1081 3124 umam.
1108 3075 1199 3136 Recepi
1213 3075 1333 3136 optimam
1347 3075 1511 3124 Grutericor-

388 3158 439 3204 tiae
451 3183 492 3202 --.
974 3153 1125 3210 rectionem,
1147 3167 1193 3214 pro
1213 3154 1283 3216 vulg.
1298 3154 1394 3211 omnia,
1409 3168 1470 3215 quae
1482 3154 1515 3199 ad

423 3235 462 3284 76.
481 3235 604 3296 omniaque
624 3235 743 3288 maturae,
766 3247 828 3293 quae
847 3246 927 3280 morer
976 3246 1017 3294 qu.
1031 3258 1072 3278 —.
1107 3233 1164 3280 Non
1178 3237 1282 3293 possunt
1295 3233 1378 3280 ommia
1391 3232 1512 3292 adquam-

387 3313 510 3362 iomiuum
529 3339 563 3347 —
583 3310 700 3359 continet.
736 3311 798 3358 Leni
811 3315 926 3372 transpo-
975 3311 1277 3371 cumquerempertinere.
1292 3309 1513 3367 Miror,Eilendiio

387 3391 475 3441 sitione
496 3390 576 3452 aptius
591 3389 710 3437 efficietur
724 3388 788 3445 hoc,
803 3390 927 3456 omniaque
976 3388 1024 3436 hoc
1038 3388 1181 3448 exquisitius
1194 3388 1275 3435 visum
1289 3402 1352 3436 esse.

388 3473 494 3519 maturae
513 3469 651 3525 hominm,
673 3481 735 3528 quae
754 3481 847 3525 marea,
866 3481 928 3530 quae
1010 3466 1050 3516 77.
1068 3466 1513 3530 quantumquo-vamme

388 3550 481 3596 animoa
499 3574 541 3594 —.
567 3547 646 3607 Supra
666 3558 778 3606 quoque,
800 3546 837 3593 II.
852 3549 864 3603 ξ
880 3546 923 3601 68,
975 3558 1020 3605 per
1039 3558 1066 3592 ae
1086 3543 1217 3592 mediocris
1237 3545 1355 3593 doctrina
1373 3549 1402 3593 ut
1418 3543 1514 3591 dicatur

388 3626 431 3674 ubi
451 3626 538 3675 eadem
559 3624 687 3682 dicuntur,
706 3624 798 3671 natura
812 3637 870 3672 cum
884 3624 926 3671 lm·
975 3619 1132 3684 probandum
1146 3628 1196 3680 est,
1211 3636 1293 3683 neque
1306 3623 1424 3671 convenit
1440 3623 1511 3670 cns-

390 3704 495 3751 mim'ima
507 3702 626 3765 iungitur.
975 3714 1030 3748 snm
1044 3700 1070 3747 h.
1085 3701 1104 3748 1.
1119 3700 1256 3749 doctrinam
1270 3701 1395 3762 profiteri,
1412 3705 1514 3762 propter

421 3783 505 3830 eadem
524 3793 604 3828 mores
621 3806 655 3816 -
675 3779 805 3828 deruebat.
840 3782 928 3841 Neque
976 3793 1013 3836 aa,
1025 3793 1088 3840 quae
1102 3783 1127 3827 et
1139 3778 1213 3837 alibi,
1228 3783 1253 3828 et
1263 3779 1348 3837 modo,
1364 3780 1428 3838 574,
1443 3779 1512 3825 dixe·

387 3864 439 3908 tam
465 3858 535 3908 brevi
560 3859 692 3906 intervallo
712 3857 749 3906 bis
769 3857 830 3920 poni
849 3871 928 3905 morer
975 3861 1024 3905 rat:
1039 3855 1106 3904 conf.
1121 3857 1142 3904 1.
1158 3861 1171 3915 5
1187 3857 1227 3914 78,
1242 3858 1399 3916 allatas.
1416 3857 1513 3917 Itaque,

388 3935 545 4000 probandum
559 3941 625 3994 erat;
640 3936 751 3993 etaient
764 3939 828 3999 leqea
839 3937 929 3982 etiura
976 3933 1073 3984 sublata
1079 3934 1280 3996 interpolatione,
1295 3935 1426 3998 legandum
1434 3948 1515 3995 φαικ-

389 4015 527 4063 describere
539 4015 639 4076 proprie
653 4015 742 4063 dicitur
756 4017 796 4077 (ut
810 4015 832 4062 l.
847 4018 860 4072 ξ
873 4014 926 4074 33),
977 4012 1029 4059 tum
1056 4013 1153 4073 inuenio
1177 4014 1309 4072 mediocri,
1331 4015 1447 4075 quonum
1467 4026 1514 4058 m

388 4091 423 4141 ita
448 4092 536 4140 rationi
564 4093 708 4144 adversatur
729 4096 754 4141 et
774 4105 880 4148 morem,
902 4096 928 4140 et
976 4094 1091 4139 mamm.

389 4185 468 4219 morer
490 4169 638 4227 describere,
657 4175 681 4219 et
695 4170 763 4218 aliud
776 4175 814 4218 est
827 4170 926 4231 coufor-
1011 4168 1024 4218 7
1028 4170 1051 4216 8.
1071 4167 1192 4230 [uomina
1205 4168 1306 4230 Stoici}
1339 4167 1395 4218 Sine
1408 4167 1514 4214 demon-

388 4249 593 4298 marchomirum
607 4264 686 4297 urerer
699 4250 734 4312 (l.
750 4253 762 4308 §
778 4247 831 4307 86).
866 4249 928 4298 Ideo
977 4246 1094 4294 erratione
1109 4246 1341 4304 mihiconcedetur,
1356 4246 1451 4307 opinor,
1465 4243 1515 4298 hoc

389 4342 469 4376 mares
487 4326 665 4375 abiiciendum:
688 4341 762 4388 supra
776 4340 889 4388 quoque,
905 4327 927 4374 Ι.
977 4323 1100 4373 emblema
1113 4325 1290 4386 expellendum
1305 4339 1367 4373 asse.

389 4411 402 4464 ξ
423 4408 468 4462 33,
491 4409 566 4468 tepea,
587 4406 692 4461 iudicia,
711 4407 768 4452 iura
782 4405 927 4452 describere.
1011 4403 1052 4452 79.
1066 4417 1142 4464 eaque
1155 4401 1514 4460 exercitataaratumpouun-

390 4483 465 4532 conf.
480 4498 543 4545 qnae
558 4483 641 4532 notavi
656 4484 687 4533 ad
703 4484 736 4532 11.
752 4487 764 4542 ξ
780 4485 820 4532 68.
978 4484 1029 4529 tur.
1064 4483 1151 4542 Neque
1172 4481 1260 4530 Orellii
1278 4482 1366 4530 horum
1378 4475 1514 4526 verborum

423 4563 562 4624 omniaque,
584 4564 618 4610 ad
635 4576 810 4624 quamcumque
824 4588 857 4596 -
865 4574 926 4621 per·
975 4559 1145 4621 interpretatio
1159 4557 1258 4620 probari
1271 4564 1360 4620 potest,
1377 4557 1414 4618 qni
1431 4557 1515 4619 expli-
