3242 5500
1131 501 1133 504 ’
1184 531 1253 604 aar

278 725 350 770 Tusc.
371 725 414 771 IV.
436 728 449 781 5
472 727 500 781 2,
523 723 697 786 corrigendum
718 728 754 770 est
774 721 817 770 ubi
839 723 932 782 editur,
953 727 1009 774 erat
1022 724 1074 771 iltis
1086 726 1112 772 ia
1125 729 1255 786 conpacta

274 803 417 861 praestanti
436 803 557 862 sapientia
577 806 603 849 et
624 800 750 848 aabtbtate
768 800 935 862 Pytaaaorar,
958 802 984 850 in
1005 802 1093 863 quibus
1113 805 1180 864 quod
1194 805 1254 853 mihi

276 881 391 929 vitiosum
411 881 510 928 videtur
529 896 580 928 non
592 881 688 928 tollitur
703 880 822 942 Madvigii
836 879 1002 937 correctione,
1016 881 1153 941 sapientiae
1166 883 1252 930 antiti-

277 959 343 1006 tate:
374 973 446 1016 nam‚
459 999 462 1003 .
473 965 502 1007 ut
521 964 589 1007 recte
607 959 656 1006 dici
675 959 785 1007 concedo
807 959 961 1020 Ppttaporas
974 958 1033 1018 fait
1049 961 1193 1020 praestanti
1212 976 1251 1008 aa·

271 1037 383 1098 pientia,
404 1038 438 1090 ita
457 1037 589 1085 ferendum
609 1052 660 1085 non
683 1043 721 1086 est
743 1051 800 1084 eum
822 1036 849 1082 ia
870 1039 1000 1096 compacta
1016 1035 1101 1094 fratrea
1109 1041 1252 1099 praestanti

275 1115 412 1176 sapientia:
435 1122 459 1164 et
480 1114 610 1164 Ablativus
622 1120 676 1163 tum
689 1115 790 1163 demum
804 1128 830 1162 se
844 1113 965 1172 tuebitur,
981 1115 1001 1162 si
1014 1115 1111 1178 legatur
1119 1119 1253 1176 praestans

275 1193 406 1254 sapientia.
584 1199 586 1203 '
770 1248 772 1251 ¹

132 1273 150 1319 l.
168 1277 179 1330 5
213 1273 253 1318 94.
277 1272 400 1320 Antonius
421 1271 544 1321 statuebat
563 1274 714 1335 coquentem
735 1286 787 1320 esse
801 1285 873 1329 eum,
894 1273 936 1332 qai
950 1272 1087 1320 mirabilius
1100 1275 1126 1320 et
1139 1275 1251 1338 maqatfi·

276 1352 371 1398 centius
383 1354 563 1414 auperepoaaet
576 1354 650 1412 atque
663 1364 769 1408 orraare,
784 1364 846 1411 quae
861 1350 939 1398 veltet.
969 1351 1072 1400 Ponitur
1085 1365 1144 1400 sane
1156 1353 1250 1413 aliquo-

272 1429 318 1477 ties
331 1442 430 1494 auam,
448 1444 494 1491 pro
507 1430 659 1491 amplificare
673 1434 710 1490 (ut
724 1429 810 1477 Partit.
825 1429 894 1477 Orat.
910 1433 922 1486 5
938 1432 978 1476 52.
995 1432 1055 1488 bt),
1068 1431 1112 1478 sed
1120 1435 1251 1492 utrumque

273 1507 506 1574 absolute-dicitur,
527 1521 575 1556 nec
588 1507 689 1571 adiungi
703 1507 749 1556 sihi
763 1507 856 1568 patitur
871 1506 1033 1556 Adverhium.
1070 1510 1251 1572 corrigendum

272 1592 323 1645 est,
338 1601 418 1651 apere.
452 1586 580 1636 Coniundi
599 1587 647 1636 ista
660 1587 725 1634 inter
739 1600 765 1634 se
782 1587 896 1647 exemplo
911 1590 948 1634 est
960 1587 1029 1635 varia
1042 1587 1114 1636 lectio
1129 1589 1195 1650 apud
1207 1591 1249 1636 El-

272 1665 394 1714 lendtium
409 1666 429 1713 l.
445 1671 458 1724 5
475 1667 537 1723 143,
555 1665 662 1726 indeque
677 1664 813 1713 comesdin
828 1665 862 1712 ll.
879 1669 890 1722 5
907 1661 964 1712 317.

129 1745 146 1790 l.
163 1749 175 1802 5
211 1745 252 1792 94.
274 1745 406 1806 'llxplieare
418 1745 526 1807 neglexi,
541 1744 607 1804 quod
621 1744 653 1791 ad
669 1748 681 1802 5
698 1745 727 1790 12
742 1757 913 1804 susceperam,
931 1743 992 1803 quid
1006 1743 1066 1790 mihi
1080 1743 1204 1792 videretur
1219 1744 1249 1792 de

271 1824 392 1872 communi
406 1824 511 1885 quadam
525 1824 637 1884 opinione
652 1821 789 1870 laminam:
809 1836 885 1882 quae,
904 1826 1004 1882 propter
1018 1823 1140 1872 adiectum
1154 1825 1249 1872 Prono-

272 1917 345 1960 men,
370 1901 533 1965 intelligenda
551 1901 611 1948 mihi
634 1901 732 1949 videtur
747 1899 847 1961 opinio,
863 1914 926 1960 quae
940 1914 1037 1960 quoque
1050 1905 1161 1962 tempore
1174 1901 1248 1948 exsis-

271 1985 321 2038 tat,
347 1985 372 2029 et
392 1980 452 2029 alias
473 1980 520 2027 alia
541 1994 594 2028 esse
613 1979 705 2039 possit;
726 1983 769 2035 ut,
787 1983 890 2036 contra,
909 1979 1042 2027 commanis
1056 1979 1136 2039 opinio
1150 1979 1169 2028 si
1183 1980 1249 2028 nude

271 2059 375 2117 dicitur,
396 2058 429 2106 ad
449 2063 542 2107 certum
561 2064 658 2119 tempus
672 2057 812 2106 revocanda
827 2061 877 2113 est,
895 2057 1025 2118 ipsumque
1038 2057 1160 2116 opinionis
1172 2073 1246 2106 voca-

270 2135 373 2194 bulum,
397 2136 461 2186 sieut
480 2135 591 2197 opinari,
616 2140 712 2183 certum
732 2133 857 2183 obiectum
878 2135 995 2194 requirit,
1015 2135 1041 2182 id
1055 2136 1122 2194 quod
1135 2135 1161 2184 in
1175 2151 1248 2184 scaea

271 2216 392 2263 marmari
419 2214 522 2277 cogitari
547 2215 647 2274 nequit,
673 2228 721 2275 qua
741 2213 866 2262 locutione
881 2228 931 2261 non
951 2214 998 2262 nisi
1018 2218 1152 2275 perpetuus
1173 2203 1248 2262 animi

269 2292 368 2342 habitus
384 2293 521 2341 indicatur:
540 2292 606 2342 coni.
627 2293 662 2341 II.
681 2293 750 2350 568.
784 2293 894 2351 Rursus,
913 2291 1247 2340 Pronomenadditumrecte

269 2387 295 2420 se
308 2376 391 2421 tuetur
409 2372 435 2418 in
455 2372 508 2429 his,
534 2377 547 2430 5
569 2372 632 2430 159,
658 2371 848 2432 quae-populari
870 2370 975 2433 quadam
990 2371 1246 2418 tratiaa'aaamtnaa·

270 2454 328 2509 tar,
346 2449 389 2498 ubi
401 2452 513 2498 trutinae
528 2449 663 2512 appellatio
678 2455 703 2498 et
716 2449 851 2498 similitudo
865 2454 917 2497 erat
932 2449 1080 2497 excusanda.

123 2531 141 2577 Ι.
159 2535 172 2588 5
192 2531 248 2578 106.
272 2530 344 2588 Quod
366 2529 474 2586 conexi,
496 2530 544 2576 daco
564 2530 708 2577 eccellentis
728 2528 819 2588 inpertit
840 2528 1016 2585 adolescentes,
1040 2541 1086 2588 pro
1100 2529 1248 2575 eaeelteutea

270 2607 387 2670 inperite,
409 2607 589 2656 eonferendum
609 2608 641 2655 ad
661 2607 728 2654 hunc
748 2608 831 2654 locum
853 2609 925 2654 Tusa.
941 2607 961 2654 Ι.
979 2611 991 2664 5
1006 2609 1034 2662 3,
1050 2605 1093 2654 ubi
1107 2610 1248 2655 constanter

271 2687 312 2736 edi
326 2689 401 2744 solet,
420 2688 442 2734 ai
456 2688 499 2749 qai
511 2686 606 2749 maante
619 2687 723 2746 inponite
735 2687 763 2731 in
776 2699 803 2731 eo
815 2699 904 2750 peraeae
917 2686 1084 2742 exstiterant,
1099 2699 1246 2746 quamquam

270 2768 363 2815 Plural.
378 2766 475 2830 inperia
489 2780 540 2813 non
557 2765 618 2823 nisi,
633 2780 678 2827 per
692 2766 812 2828 figuram,
828 2765 858 2813 de
873 2765 931 2826 ipsis
945 2763 1085 2812 hominibus
1101 2770 1246 2827 usurpatur,

270 2851 298 2894 ut
310 2845 370 2893 ibid.
386 2850 398 2904 5
413 2847 457 2895 33:
472 2846 554 2905 itaque
566 2844 621 2893 istic
635 2845 676 2892 vel
688 2843 711 2889 si
726 2858 787 2905 qaae
801 2858 888 2907 maqua
902 2843 1012 2905 tapecia,
1029 2846 1071 2890 aut
1084 2842 1105 2889 si
1118 2843 1247 2907 quimapai

269 2923 361 2985 tepenti
374 2923 547 2986 corrigendum
562 2926 628 2980 erat,
642 2928 667 2969 et
680 2937 773 2969 samma
785 2922 882 2985 tapecia
895 2922 1075 2970 restituendum
1088 2922 1141 2969 Fin.
1157 2924 1177 2969 Ι.
1193 2926 1205 2980 5
1220 2924 1245 2979 Ι,

273 3002 318 3051 nisi
335 3002 487 3051 concedatur
507 3000 555 3049 dici
575 3014 646 3063 posse
668 3002 789 3062 quosdam
802 3000 897 3061 maenis
911 3001 1103 3057 eruditionibus,
1119 3005 1161 3049 aut
1169 3012 1245 3060 prae·

271 3082 346 3129 elaris
360 3080 481 3128 doctrinis
494 3079 579 3128 fuisse.

122 3162 141 3208 I.
159 3164 172 3217 5
193 3161 249 3208 111.
269 3158 351 3207 Verba
364 3160 435 3221 quari
448 3173 512 3206 aare
526 3172 539 3203 e
553 3160 692 3218 tenatorum
705 3171 822 3215 numero,
840 3156 1246 3217 raeteinterpretaturEllendtius,

270 3238 311 3298 qui
333 3251 467 3300 agnoscere
486 3237 586 3285 videtur
607 3239 703 3297 tapetas
721 3236 755 3284 ita
776 3236 897 3298 appellari
916 3236 971 3287 istic
990 3236 1114 3297 oppositos
1126 3236 1248 3298 magistris

271 3321 296 3363 et
309 3314 459 3373 artificibus,
474 3316 516 3376 qui
534 3316 622 3363 Graeci
636 3329 688 3363 esse
702 3316 819 3363 solerent.
854 3316 892 3361 lta
906 3314 972 3375 apud
985 3314 1098 3372 Livium,
1114 3314 1190 3362 XLV.
1206 3316 1246 3361 39.

271 3398 300 3452 2,
322 3394 413 3443 auratis
433 3394 624 3456 purpuratisque
645 3394 778 3455 opponitur
799 3392 828 3441 L.
850 3392 954 3440 Paullus
974 3392 1000 3440 iu
1019 3395 1092 3441 tarta
1109 3394 1247 3455 topataram

270 3487 335 3521 auus
343 3474 474 3533 privatas,
491 3473 518 3520 in
530 3472 619 3533 quibus
631 3486 682 3519 non
696 3472 836 3520 tollendum
850 3476 887 3519 est
898 3477 1050 3533 postremum
1064 3470 1169 3519 verbum
1181 3471 1246 3535 (pri-

271 3552 364 3615 uatae),
379 3552 423 3599 sed
436 3551 626 3612 relinquendum
641 3551 761 3612 scriptori,
775 3550 817 3611 qui
831 3550 911 3598 minus
922 3549 1081 3612 intelligeret,
1096 3549 1155 3610 quid
1167 3548 1248 3597 sobria

272 3635 297 3677 et
310 3635 377 3677 casta
391 3630 510 3678 Latinitas
522 3630 672 3691 repudiaret.
824 3649 826 3654 ·

122 3712 142 3757 1.
162 3714 175 3767 5
194 3710 251 3756 l22.
275 3708 348 3766 Quod
362 3709 393 3756 de
406 3707 490 3757 Verbo
502 3708 644 3771 aipatfieare
657 3707 707 3755 dixi
715 3742 722 3765 ,
741 3708 901 3755 confirmetur
915 3706 982 3755 Orat.
998 3710 1009 3764 5
1026 3707 1082 3764 139,
1098 3705 1139 3753 ubi
1152 3706 1246 3771 siqnifi-

272 3788 337 3836 catto
354 3787 488 3849 opponitur
500 3787 615 3835 orationi.

122 3868 143 3914 l.
163 3870 175 3924 5
196 3866 252 3914 126.
271 3866 345 3923 Quod
357 3866 384 3912 in
398 3867 556 3913 annotatione
570 3866 621 3913 dixi
633 3866 664 3912 de
677 3864 827 3926 interpolato
841 3862 918 3912 verbo
927 3864 1031 3924 faeere,
1051 3864 1246 3927 eamdeminter-

274 3943 426 4006 polationem
441 3944 595 4006 deprehendi
606 3944 632 3990 in
646 3943 772 3991 nonnullis
786 3942 860 3990 codd.
872 3943 939 4003 apud
953 3942 1088 4001 Orellium,
1107 3943 1147 3991 llI
1162 3946 1174 4001 5
1190 3944 1246 3990 115.

123 4024 144 4070 1.
165 4027 177 4082 5
198 4023 252 4069 132.
275 4037 339 4070 auare
352 4038 365 4069 e
379 4024 466 4070 matta
479 4023 533 4084 quis
547 4023 643 4071 dicatur
658 4021 806 4085 intelligitur
820 4036 833 4068 e
848 4020 924 4068 Bruto
939 4024 950 4079 5
966 4019 1024 4069 274.

123 4102 144 4149 l.
165 4106 177 4159 5
197 4102 254 4148 145.
276 4099 430 4162 Displicebat
442 4102 502 4148 mihi
516 4101 579 4160 hoc,
597 4102 664 4163 quod
677 4101 825 4149 exercitatio
838 4099 1029 4164 mapuadicitur.
1063 4102 1158 4161 Nempe
1165 4100 1247 4147 diver-

275 4193 330 4227 snm
350 4184 387 4228 est
407 4180 428 4227 si
440 4180 534 4227 Plurali
546 4195 651 4228 numero
663 4195 765 4242 maqaae
777 4179 968 4227 exercitationes
980 4178 1152 4239 appellantur,
1171 4182 1198 4225 ut
1212 4180 1247 4226 ll.

274 4262 286 4316 5
310 4258 350 4306 96.
373 4264 398 4307 et
415 4260 552 4317 marianae,
577 4260 646 4307 Brut.
666 4259 754 4317 5303:
773 4258 840 4319 quod
854 4261 936 4305 autem
950 4261 987 4305 est
1000 4258 1048 4305 Ill.
1064 4262 1076 4315 5
1093 4258 1155 4315 105,
1174 4257 1249 4305 etiam

277 4338 357 4385 maior
376 4338 415 4384 est
434 4338 478 4384 illa
498 4339 661 4392 exercitatio,
686 4336 748 4385 nihil
762 4336 830 4383 aliud
844 4335 947 4394 dicitur,
961 4335 1007 4383 nisi
1020 4336 1076 4397 plus
1090 4336 1164 4385 etiam
1177 4348 1249 4396 posse

276 4414 345 4463 illam
358 4417 573 4475 exercitationem,
587 4432 650 4478 quae
663 4416 723 4463 ——.’'
754 4416 837 4477 Ipsam
851 4419 933 4462 autern
946 4414 973 4461 in
984 4428 1076 4477 genere
1089 4414 1124 4463 sic
1137 4414 1248 4476 appella-

276 4498 327 4543 tam
342 4497 546 4545 eaereitatiouem
559 4511 609 4545 non
622 4508 812 4558 possemaqnam
819 4493 882 4551 dici,
900 4496 928 4541 ut
934 4506 1015 4553 neque
1022 4494 1249 4555 amplificatioam,

278 4578 411 4636 ceteraque
424 4575 536 4625 eiusdem
549 4575 661 4639 generis,
676 4588 743 4623 nune
756 4586 855 4633 quoque
872 4571 932 4619 mibi
944 4570 1051 4621 videtur.
1085 4572 1163 4621 Video
1183 4584 1250 4619 nune
