3242 5500
413 545 527 593 arara
554 545 704 595 paruus,
733 528 750 607 t
777 527 860 597 243.
1132 526 1200 597 107

92 725 200 803 acute,
227 715 289 787 sed
314 716 419 788 etiam
441 716 588 789 ridicule
613 740 652 788 ac
677 717 806 804 facete,
835 718 914 804 ubi,
940 718 971 789 si
983 717 1104 803 verba,
1130 741 1199 789 uon

94 850 158 897 rem
186 850 427 921 sequeremur,
458 826 583 898 confici
606 825 696 897 nihil
713 835 841 923 posset.
878 827 1004 923 Itaque
1018 824 1202 897 hilaritatis

92 934 227 1029 plenum
252 935 423 1008 iudicium
447 960 486 1008 ac
511 935 663 1007 laetitiae
687 936 772 1009 fuit:
800 936 838 1009 in
863 960 934 1033 quo
958 935 1044 1031 quid
1068 933 1135 1007 tibi
1147 935 1200 1006 iu-

92 1045 133 1114 ris
158 1043 266 1115 civilis
296 1044 496 1117 exercitatio
527 1044 716 1140 profuerit,
747 1070 819 1117 non
852 1046 1034 1141 intellige,
1061 1043 1202 1116 dicendi

93 1154 139 1225 ris
173 1153 312 1249 egregia
349 1178 486 1225 summa
515 1154 703 1227 festivitate
739 1161 774 1225 et
803 1161 986 1227 venustate
1015 1154 1202 1226 coniuncta

93 1261 223 1356 profuit.
277 1262 359 1359 lpse
383 1262 443 1335 ille
470 1258 665 1359 [Mucius],
691 1264 829 1359 paterni
852 1264 938 1335 iuris
960 1263 1139 1347 defensor,
1165 1267 1200 1333 et
1226 1286 1275 1331 ses

93 1372 183 1465 quasi
209 1372 413 1467 patrimonii
441 1381 681 1468 propugnator
710 1378 787 1459 sui,
819 1373 906 1469 quid
930 1373 967 1444 in
991 1372 1053 1443 illa
1075 1394 1200 1456 causa,

93 1504 193 1575 quum
215 1488 337 1553 contre
353 1488 388 1553 te
412 1481 562 1569 diceret,
589 1481 725 1569 attulit,
757 1482 855 1577 quod
879 1481 923 1553 de
946 1482 1023 1553 iure
1035 1478 1128 1551 civili
1142 1479 1202 1550 de·

93 1598 285 1685 promptum
313 1589 517 1662 videretur?
549 1614 656 1685 quam
680 1590 796 1687 legem
820 1591 1002 1665 recitavit?
1027 1588 1116 1684 quid
1139 1612 1200 1684 pa·
1293 1594 1300 1607 '

92 1699 198 1771 tcfecit
222 1698 388 1787 dicende,
415 1699 511 1794 quod
534 1700 658 1772 fuisset
675 1700 848 1795 imperitis
866 1700 1064 1773 occultius?
1090 1698 1198 1769 Nem·

92 1833 130 1903 pe
161 1808 233 1880 eius
270 1808 386 1881 omnis
418 1808 528 1881 oratio
561 1817 696 1881 versate
725 1817 776 1883 est
805 1810 843 1882 in
874 1834 931 1896 eo,
963 1816 1003 1882 ut
1030 1806 1199 1902 scriptum

92 1917 272 2011 plurimum
302 1917 416 1989 valere
446 1925 606 2012 oportere
634 1918 849 1991 defenderet.
900 1919 950 1993 At
980 1919 1018 1990 in
1048 1916 1115 1987 hoc
1139 1952 1199 2022 ge.

92 2051 164 2098 nere
186 2028 286 2123 pueri
311 2027 407 2124 apud
431 2028 617 2121 magistros
643 2037 850 2101 exercentur
867 2054 1008 2115 omnes,
1035 2051 1148 2121 quum
1160 2040 1197 2111 in

92 2136 251 2209 eiusmodi
275 2138 391 2209 causis
415 2136 500 2209 elias
525 2138 714 2233 scriptum,
740 2138 826 2211 alias
849 2140 1061 2234 aequitatem
1079 2146 1199 2221 defen-

93 2244 164 2317 dere
186 2246 368 2339 docentur.
419 2246 489 2333 Et,
516 2247 635 2334 crede,
661 2246 699 2317 in
725 2247 785 2319 illa
809 2248 932 2321 militis
957 2275 1078 2340 causa,
1105 2256 1135 2328 si
1158 2266 1200 2330 tn
1225 2284 1272 2329 mc

92 2363 145 2425 aut
171 2354 355 2441 heredem,
386 2364 447 2428 aut
476 2355 625 2430 militem
650 2356 886 2443 defendisses,
913 2358 957 2431 ad
981 2360 1199 2439 Hostilianas

93 2471 122 2533 te
144 2464 314 2551 actiones,
341 2489 411 2537 non
437 2466 482 2537 ad
495 2474 592 2537 tuam
612 2468 683 2539 vim
697 2473 731 2538 et
744 2466 790 2538 ad
801 2469 986 2541 oratoriam
998 2472 1201 2550 facultatem

92 2573 302 2647 contulisses:
338 2581 379 2646 tu
408 2599 509 2660 vero,
541 2575 596 2647 vel
630 2576 660 2647 si
688 2583 940 2649 testamentum
976 2579 1200 2672 defenderes,

93 2681 134 2753 sic
155 2707 295 2779 ageres,
322 2692 363 2757 ut
386 2708 490 2758 omne
514 2685 672 2758 omnium
702 2693 993 2778 testamentorum
1017 2691 1073 2765 ius
1097 2694 1134 2767 in
1160 2719 1201 2768 eo

92 2790 208 2863 iudicio
244 2795 401 2890 positum
435 2794 633 2881 videretur,
659 2796 713 2868 vel
740 2797 769 2869 si
793 2821 934 2870 causam
957 2824 1079 2896 egeres
1107 2805 1199 2877 mili-

93 2900 151 2986 tis,
175 2912 312 2997 patrem
336 2904 432 2991 eius,
458 2912 498 2977 ut
523 2905 633 2992 soles,
661 2905 809 2978 dicendo
833 2932 854 2978 a
880 2911 1028 2982 mortuis
1053 2915 1199 2987 excites·

93 3032 157 3095 ses,
194 3013 375 3086 statuisses
411 3021 493 3087 ante
529 3015 668 3102 oculos,
706 3016 910 3112 complexus
940 3028 1032 3093 esset
1064 3022 1199 3110 filium,

92 3118 237 3217 flensque
271 3147 354 3194 eum
386 3125 614 3197 centumviris
646 3126 943 3216 commendasset3
970 3129 1105 3226 lapides
1127 3158 1199 3206 me·

92 3407 149 3454 tero,
161 3398 225 3448 idem
239 3405 278 3450 est
289 3405 347 3462 post
357 3403 490 3463 nisiscrte,
505 3401 613 3464 Philipp,
699 3404 756 3450 244.
775 3404 827 3463 mee
839 3404 882 3452 itte
897 3404 1031 3467 [uuum.
1056 3409 1092 3456 Ut
1104 3412 1201 3471 saepius

92 3474 109 3520 l.
128 3478 139 3532 ξ
159 3478 199 3526 19:
221 3479 296 3528 Conf.
311 3480 422 3544 Madvig.
437 3480 577 3529 Emendatt.
593 3482 613 3529 I.
665 3494 754 3541 supra,
772 3481 806 3528 ita
820 3482 891 3540 hine,
907 3489 964 3545 post
975 3486 1124 3544 Pronomcn‚
1139 3487 1200 3536 abii·

92 3567 112 3611 p
125 3556 161 3600 42.
664 3559 779 3608 ciendum
792 3575 860 3608 nom.
874 3562 1010 3622 proprium.

119 3631 277 3692 defensionem
294 3637 510 3696 [testamentorum
520 3638 562 3699 ac]
575 3651 615 3684 ao·
697 3640 725 3685 at
751 3639 779 3686 tn
799 3639 950 3701 teocqenere.
985 3641 1107 3703 Requiro,
1129 3646 1155 3691 et
1173 3646 1201 3691 e'm

93 3711 184 3759 tuutcttc
202 3716 367 3763 mortuorum.
401 3718 484 3774 Quum
497 3721 614 3777 snpra,§
665 3715 687 3762 te.
700 3731 725 3778 9.

94 3786 146 3846 180,
162 3790 249 3840 diserte
263 3793 359 3841 dietum
373 3793 418 3851 sit,
435 3795 548 3842 Crassum
562 3799 615 3843 tum
698 3797 755 3843 245.
779 3797 805 3842 et
830 3794 865 3842 att
889 3797 1024 3846 catanam
1037 3800 1199 3859 facultatem.

91 3879 133 3913 non
156 3883 187 3916 ee
203 3872 301 3931 tempto
322 3872 523 3922 testamentorum
542 3872 599 3921 iura
607 3909 614 3933 ,
664 3873 756 3935 Recepi
770 3875 888 3936 Praepos.
901 3875 947 3933 ad,
961 3890 976 3924 e
990 3878 1052 3926 Cod.
1066 3879 1137 3927 Leid.

91 3944 128 3990 sed
139 3951 238 3996 mentem
249 3951 317 4007 eiua,
332 3952 375 4012 qut
388 3951 562 4000 testamentum
569 3951 614 4011 se·
697 3957 838 4013 complemus
844 3957 920 4012 emet,
934 3953 951 4002 i.
959 3957 1147 4016 etutinxisses,
1155 3974 1199 4020 pc·

91 4022 167 4082 risset,
187 4026 343 4087 defendisse,
365 4029 390 4078 h.
405 4031 423 4077 l.
437 4031 545 4080 delenda
558 4035 615 4079 sunt
663 4034 727 4079 trem
746 4032 878 4092 complecti
894 4032 972 4081 tilium
985 4048 1071 4092 snum,
1086 4043 1134 4086 cet.
1169 4040 1201 4086 Et

90 4100 155 4150 verba
168 4105 371 4156 testamentorum
384 4123 422 4156 cc.
662 4109 834 4171 recipiendum
860 4110 907 4160 fuit
926 4126 984 4161 mox
1003 4116 1133 4177 coepisses,
1154 4131 1201 4177 pro

118 4181 447 4246 243.sreqcene—cdfat.
466 4186 534 4236 Nihil
547 4187 616 4236 eliud
663 4189 733 4250 vulg.
748 4190 872 4248 coepisset.
907 4191 1008 4240 Crassus
1021 4194 1147 4250 scil.,illo
1160 4211 1199 4243 cr·

85 4255 195 4318 frequens
208 4267 245 4312 est
259 4263 286 4310 h.
302 4265 336 4322 l.,
351 4264 397 4314 nisi
411 4266 533 4323 occiduus,
548 4267 614 4316 etsie
664 4265 739 4314 tilleio
752 4264 872 4325 adhibito,
886 4267 939 4329 ipse
952 4271 1081 4332 coegisset,

90 4336 247 4398 accipiendum
269 4343 358 4391 Geton.
377 4347 390 4402 ὁ
405 4345 446 4392 38.
460 4345 530 4394 Orat.
545 4349 557 4403 ξ
574 4348 613 4394 15.
696 4346 723 4392 tn
736 4346 850 4407 mcpictm'
863 4348 980 4406 carmine,
991 4363 1037 4410 per
1047 4333 1199 4400 contemtum

90 4411 152 4464 Rosc.
165 4419 247 4470 Amet.
264 4425 277 4480 ξ
292 4423 336 4480 16,
351 4437 412 4484 quos
423 4423 615 4472 locosindicavit
664 4422 771 4479 dictum,
794 4438 843 4484 quo
863 4425 957 4474 scilicet
970 4428 1070 4476 minoris
1083 4430 1201 4490 ponderis

90 4492 228 4558 llllendtius,
243 4513 320 4562 quum
333 4500 380 4563 ipsi
393 4501 440 4550 alia
453 4503 564 4564 placeret
575 4502 612 4550 in·
664 4507 728 4550 esset
740 4502 780 4560 id,
795 4503 861 4562 qnod
874 4503 899 4551 in
914 4504 963 4554 XII
977 4505 1067 4556 tabulis
1080 4514 1131 4557 erat
1139 4524 1199 4558 con·

89 4577 227 4632 terpretatio,
664 4582 802 4643 signatum,
817 4598 876 4644 prae
890 4585 995 4634 oratoria
1008 4592 1068 4635 arte.
