3242 5500
384 544 454 613 260
696 526 810 611 cresin
837 559 1040 609 snounuus.
1069 541 1086 621 §
1113 539 1196 608 343.

384 734 590 821 laudabilis,
617 743 651 808 et
676 736 751 807 sine
776 757 846 829 qua
870 731 960 804 nihil
981 731 1116 803 laudari
1142 738 1279 826 potest,
1303 738 1424 803 tamen
1449 731 1503 803 ha·

383 845 445 918 bet
468 845 587 941 plures
611 853 748 940 partes,
774 866 921 938 quarum
948 840 1016 912 alia
1040 847 1093 913 est
1117 840 1185 911 alia
1205 839 1251 911 ad
1271 840 1504 913 laudationem

385 955 506 1052 aptior.
573 955 664 1026 Sunt
704 954 797 1025 enim
835 952 922 1023 aliae
958 950 1104 1021 virtutes
1146 974 1236 1046 quae
1273 951 1440 1023 videntur
1472 952 1503 1023 in

385 1063 542 1136 moribus
569 1063 770 1149 hominum,
797 1070 832 1133 et
858 1060 1011 1157 quadam
1034 1060 1195 1131 comitate
1217 1084 1256 1132 ac
1282 1059 1504 1133 beneficentia

385 1175 538 1272 positae,
574 1174 681 1259 aliae,
718 1197 807 1267 quae
845 1172 881 1243 in
918 1169 1054 1265 ingenii
1088 1170 1206 1266 aliqua
1240 1171 1427 1257 facultate,
1452 1180 1504 1241 aut

385 1286 494 1356 animi
519 1283 765 1379 magnitudine
790 1306 829 1353 ac
853 1278 987 1351 robore.
1016 1280 1109 1351 Nam
1134 1279 1339 1366 clementia,
1365 1282 1503 1365 iustitia,

374 1394 608 1492 «benignitas,
654 1393 762 1477 fides,
794 1389 964 1462 fortitudo
995 1389 1032 1461 in
1062 1389 1228 1486 periculis
1263 1390 1504 1463 communibus

383 1503 538 1577 iucunda
571 1511 624 1575 est
659 1501 786 1574 auditu
810 1500 847 1572 in
872 1498 1134 1571 laudationibus
1169 1503 1306 1585 (omnes
1330 1501 1424 1572 enim
1446 1500 1503 1602 hqe

310 1635 358 1681 ass
383 1615 528 1685 virtutes
561 1637 631 1684 non
664 1619 736 1683 tarn
770 1610 877 1705 ipah,
912 1609 973 1705 qui
999 1633 1056 1681 eas
1080 1608 1231 1696 habent,
1257 1634 1365 1704 quam
1390 1609 1503 1707 generi

382 1723 566 1795 hominum
591 1722 790 1794 fructuosae
812 1722 1017 1815 putantum:
1045 1719 1218 1813 sapientia
1244 1726 1278 1791 et
1305 1720 1503 1815 magnitudo

382 1833 512 1917 animi,
547 1856 616 1927 qua
645 1854 767 1902 omnes
801 1854 856 1901 res
881 1828 1056 1900 humanae
1081 1837 1226 1915 tenues,
1253 1838 1286 1901 et
1311 1829 1503 1926 pronihilo

384 1950 569 2038 putantur,
607 1950 642 2014 et
677 1942 713 2012 in
751 1938 985 2034 excogitando
1017 1940 1069 2009 vis
1100 1940 1273 2035 quaedam
1296 1940 1450 2035 ingenii,
1473 1947 1502 2010 et

384 2054 459 2149 ipsa
483 2051 683 2147 eloquentia
717 2049 957 2122 admirationis
984 2047 1118 2120 habent
1136 2074 1207 2120 non
1225 2049 1360 2136 minus,
1386 2050 1500 2122 iucun-

384 2162 504 2234 ditatis
537 2162 672 2233 minus:
698 2161 793 2257 ipsos
816 2159 911 2231 enim
933 2159 1046 2254 magis
1066 2158 1247 2245 videntur,
1273 2184 1362 2255 quos
1391 2160 1500 2231 laude·

383 2297 482 2357 mus,
509 2296 614 2368 quam
638 2271 737 2356 illos,
763 2270 858 2365 apud
879 2293 968 2363 quos
988 2268 1196 2354 laudamus,·
1216 2268 1498 2341 ornareactueri:

385 2382 447 2453 sed
467 2388 585 2453 tamen
610 2381 647 2452 in
673 2379 850 2452 laudando
868 2373 1048 2474 iungenda
1066 2385 1149 2450 sunt
1168 2379 1272 2451 etiam
1285 2378 1370 2451 haec
1383 2402 1501 2474 genera

384 2492 573 2563 virtutum:
606 2490 723 2561 ferunt
757 2490 852 2561 enim
877 2512 978 2560 aures
1004 2487 1188 2559 hominum
1213 2497 1290 2560 tum
1315 2488 1395 2575 illa,
1420 2512 1500 2585 quae

383 2601 538 2673 iucunda
570 2608 604 2672 et
634 2608 754 2696 grata,
784 2607 859 2671 turn
882 2599 986 2671 etiam
1011 2598 1092 2684 illa,
1119 2623 1209 2694 quae
1234 2598 1406 2671 mirabilia
1426 2606 1500 2671 sunt

328 2736 337 2756 ·
384 2712 421 2784 in
444 2711 593 2796 virtute,
620 2710 766 2782 laudari.

312 2842 356 2911 85
433 2821 499 2907 ut,
534 2821 701 2917 quoniam
733 2818 951 2914 singularum
983 2819 1152 2891 virtutum
1180 2827 1264 2891 sunt
1289 2827 1381 2893 certa
1401 2843 1497 2914 quae·

312 2969 359 3016 345
384 2931 465 3012 dam
487 2931 599 3002 officia
625 2955 664 3002 ac
689 2952 855 3013 munera,
885 2936 921 2999 et
946 2952 1009 2999 sua
1033 2929 1161 3024 cuique
1184 2929 1307 3002 virtuti
1331 2930 1403 3001 laus
1424 2952 1498 3024 pro·

384 3040 460 3134 pria
485 3038 648 3124 debetur,
682 3039 747 3110 erit
770 3036 1017 3132 explicandum
1040 3038 1078 3109 in
1102 3038 1206 3110 laude
1226 3039 1398 3124 iustitiae,
1419 3037 1500 3133 quid

383 3171 464 3220 oum
497 3149 583 3234 fide,
617 3148 704 3242 quid
727 3171 808 3219 cum
833 3145 1098 3242 aequabilitate,
1125 3148 1212 3244 quid
1236 3174 1318 3221 curn
1341 3146 1499 3220 eiusmodi

383 3257 501 3352 aliquo
539 3257 652 3329 officio
687 3258 734 3342 is,
774 3257 836 3352 qui
874 3255 1092 3344 laudabitur,
1127 3258 1264 3345 fecerit3
1294 3260 1443 3354 itemque
1465 3256 1498 3326 in

385 3368 509 3440 ceteris
544 3393 598 3440 res
634 3375 751 3463 gestae
785 3366 831 3438 ad
866 3367 1037 3462 cuiusque
1069 3368 1205 3440 virtutis
1239 3393 1351 3464 genus
1381 3366 1499 3439 etnim

313 3522 361 3569 34ss
387 3487 421 3549 et
456 3502 584 3549 nomen
621 3475 989 3549 accommodabuntur.
1043 3477 1251 3550 Gratissima
1288 3486 1401 3549 autem
1427 3476 1498 3547 laus

420 3817 462 3877 qui
476 3828 517 3862 eae
530 3814 627 3861 tabent.
662 3815 731 3862 Bene
745 3813 862 3862 omissum
877 3818 923 3871 est,
973 3813 1221 3871 commendaveram,
1239 3814 1365 3869 adeatur,
1378 3826 1419 3873 pro
1430 3813 1495 3872 vulg.

387 3893 454 3955 quod
468 3905 481 3940 e
494 3891 578 3940 multis
592 3890 923 3953 librisproferebatur,inse,
973 3893 1079 3941 videtur.

387 3975 444 4019 ante
465 3969 561 4017 bahent.
597 3969 870 4026 aremarensem
893 3970 925 4017 de
1007 3985 1070 4033 quae
1082 3971 1207 4017 mirabilia
1218 3972 1279 4017 sant
1293 3971 1319 4018 in
1332 3970 1432 4025 virtute,
1446 3970 1495 4014 lcu-

382 4049 412 4098 iis
432 4052 529 4096 tantum
550 4047 652 4106 dicitur,
668 4061 730 4108 quae
744 4047 838 4109 aliquid
852 4063 866 4096 1
880 4063 925 4096 na·
974 4048 1039 4096 dari.
1063 4051 1150 4111 Neque
1166 4049 1292 4096 mirabilia
1305 4048 1439 4102 instricta,
1454 4059 1494 4092 ne·

385 4133 440 4177 1111
462 4132 487 4175 et
506 4125 645 4188 ingenitum
667 4125 774 4184 habent,
797 4130 871 4188 atque
890 4127 925 4174 itu
974 4141 1022 4188 que
1044 4127 1142 4175 laudari
1161 4129 1189 4174 in
1205 4129 1298 4175 virtute
1315 4131 1378 4176 recte
1396 4126 1494 4186 iungun-

384 4209 489 4269 negatur
501 4219 588 4266 supra,
603 4206 680 4263 5342.
700 4205 823 4265 Simplex,
838 4204 925 4253 habere
972 4210 1023 4254 tur.
1058 4206 1155 4264 Credo,
1177 4208 1204 4253 in
1224 4207 1319 4253 virtute
1332 4204 1494 4266 interpolatum

384 4284 504 4339 artetes,
526 4287 563 4330 est
583 4283 604 4330 1.
627 4286 639 4340 §
660 4282 923 4332 83.conf.rin.111.
974 4299 1034 4333 esse.
1053 4284 1130 4332 Modo
1142 4284 1246 4343 correxi,
1262 4286 1371 4341 tamilla,
1384 4281 1492 4345 provulg.

385 4367 397 4420 §
415 4361 455 4412 17.
473 4363 640 4410 Assenserunt
653 4361 713 4408 mihi
725 4361 851 4409 novissimi
864 4362 922 4409 Edi·
975 4378 1049 4423 quum
1062 4363 1115 4410 illa.

385 4446 460 4488 tores.
1007 4441 1065 4488 346.
1089 4453 1118 4486 ec
1137 4440 1202 4487 enim
1222 4441 1334 4500 denique.
1374 4436 1493 4498 Corrigen-

418 4521 475 4566 344.
494 4519 572 4581 magis
585 4517 715 4575 videatur,
731 4544 764 4553 —-
779 4519 923 4566 111111111-
974 4518 1050 4572 dum.
1071 4519 1175 4566 demum.
1217 4520 1279 4566 Tum
1299 4533 1370 4575 mox,
1390 4528 1445 4577 qtae
1463 4513 1494 4559 ⁸5!

386 4601 485 4656 ceptum
499 4611 513 4642 a
528 4597 646 4656 Kayserc,
662 4611 692 4644 ex
704 4594 842 4653 sedialibus,
857 4598 924 4657 quod
968 4598 1114 4658 flectenda.
