<?xml version="1.0" encoding="UTF-8"?>
<!DOCTYPE html PUBLIC "-//W3C//DTD XHTML 1.0 Transitional//EN"
    "http://www.w3.org/TR/xhtml1/DTD/xhtml1-transitional.dtd">
<html xmlns="http://www.w3.org/1999/xhtml" xml:lang="en" lang="en">
 <head>
  <title>
</title>
<meta http-equiv="Content-Type" content="text/html;charset=utf-8" />
  <meta name='ocr-system' content='tesseract 3.04.00' />
  <meta name='ocr-capabilities' content='ocr_page ocr_carea ocr_par ocr_line ocrx_word'/>
</head>
<body>
  <div class='ocr_page' id='page_1' title='image "./mtulliiciceroni01bakegoog_0126.png"; bbox 0 0 3242 5500; ppageno 0'>
   <div class='ocr_carea' id='block_1_1' title="bbox 392 519 461 589">
    <p class='ocr_par' dir='ltr' id='par_1_1' title="bbox 392 519 461 589">
     <span class='ocr_line' id='line_1_1' title="bbox 392 519 461 589; baseline 0.058 -3"><span class='ocrx_word' id='word_1_1' title='bbox 392 519 461 589; x_wconf 88' lang='grc'>106</span> 
     </span>
    </p>
   </div>
   <div class='ocr_carea' id='block_1_2' title="bbox 731 518 1175 600">
    <p class='ocr_par' dir='ltr' id='par_1_2' title="bbox 731 518 1175 600">
     <span class='ocr_line' id='line_1_2' title="bbox 731 518 1175 600; baseline 0.005 -14"><span class='ocrx_word' id='word_1_2' title='bbox 731 537 845 587; x_wconf 80' lang='lat' dir='ltr'>mena</span> <span class='ocrx_word' id='word_1_3' title='bbox 871 537 1021 587; x_wconf 72' lang='lat' dir='ltr'>narnus.</span> <span class='ocrx_word' id='word_1_4' title='bbox 1049 520 1067 600; x_wconf 58' lang='grc' dir='ltr'>ὃ</span> <span class='ocrx_word' id='word_1_5' title='bbox 1092 518 1175 588; x_wconf 81' lang='grc'>241.</span> 
     </span>
    </p>
   </div>
   <div class='ocr_carea' id='block_1_3' title="bbox 387 708 1514 1461">
    <p class='ocr_par' dir='ltr' id='par_1_3' title="bbox 387 708 1514 1461">
     <span class='ocr_line' id='line_1_3' title="bbox 390 708 1514 805; baseline 0 -24"><span class='ocrx_word' id='word_1_6' title='bbox 390 714 467 781; x_wconf 88' lang='lat' dir='ltr'>iure</span> <span class='ocrx_word' id='word_1_7' title='bbox 492 708 641 781; x_wconf 91' lang='lat' dir='ltr'>dubium</span> <span class='ocrx_word' id='word_1_8' title='bbox 666 732 837 781; x_wconf 88' lang='lat' dir='ltr'>essenon</span> <span class='ocrx_word' id='word_1_9' title='bbox 863 709 995 805; x_wconf 79' lang='lat' dir='ltr'>possit,</span> <span class='ocrx_word' id='word_1_10' title='bbox 1022 709 1166 782; x_wconf 83' lang='lat' dir='ltr'>omnino</span> <span class='ocrx_word' id='word_1_11' title='bbox 1191 709 1229 780; x_wconf 92' lang='lat' dir='ltr'>in</span> <span class='ocrx_word' id='word_1_12' title='bbox 1259 708 1433 781; x_wconf 91' lang='lat' dir='ltr'>indicium</span> <span class='ocrx_word' id='word_1_13' title='bbox 1456 734 1514 781; x_wconf 91' lang='lat' dir='ltr'>vo-</span> 
     </span>
     <span class='ocr_line' id='line_1_4' title="bbox 388 818 1513 914; baseline 0 -24"><span class='ocrx_word' id='word_1_14' title='bbox 388 818 459 890; x_wconf 88' lang='lat' dir='ltr'>cari</span> <span class='ocrx_word' id='word_1_15' title='bbox 489 842 560 889; x_wconf 91' lang='lat' dir='ltr'>non</span> <span class='ocrx_word' id='word_1_16' title='bbox 591 818 714 891; x_wconf 81' lang='lat' dir='ltr'><strong>solent.</strong></span> <span class='ocrx_word' id='word_1_17' title='bbox 767 820 865 892; x_wconf 92' lang='lat' dir='ltr'>Num</span> <span class='ocrx_word' id='word_1_18' title='bbox 890 818 971 914; x_wconf 92' lang='lat' dir='ltr'>quis</span> <span class='ocrx_word' id='word_1_19' title='bbox 995 843 1037 890; x_wconf 90' lang='lat' dir='ltr'>eo</span> <span class='ocrx_word' id='word_1_20' title='bbox 1061 825 1292 905; x_wconf 85' lang='lat' dir='ltr'>testamento,</span> <span class='ocrx_word' id='word_1_21' title='bbox 1331 819 1429 913; x_wconf 93' lang='lat' dir='ltr'>quod</span> <span class='ocrx_word' id='word_1_22' title='bbox 1453 844 1513 914; x_wconf 91' lang='lat' dir='ltr'>pa·</span> 
     </span>
     <span class='ocr_line' id='line_1_5' title="bbox 389 927 1512 1023; baseline 0.001 -24"><span class='ocrx_word' id='word_1_23' title='bbox 389 927 591 1001; x_wconf 85' lang='lat' dir='ltr'>terfamilias</span> <span class='ocrx_word' id='word_1_24' title='bbox 623 935 705 999; x_wconf 89' lang='lat' dir='ltr'>ante</span> <span class='ocrx_word' id='word_1_25' title='bbox 731 928 834 1014; x_wconf 89' lang='lat' dir='ltr'>fecit,</span> <span class='ocrx_word' id='word_1_26' title='bbox 860 951 967 1023; x_wconf 89' lang='lat' dir='ltr'>quam</span> <span class='ocrx_word' id='word_1_27' title='bbox 990 928 1025 999; x_wconf 92' lang='lat' dir='ltr'>ei</span> <span class='ocrx_word' id='word_1_28' title='bbox 1048 928 1143 1001; x_wconf 91' lang='lat' dir='ltr'>filius</span> <span class='ocrx_word' id='word_1_29' title='bbox 1167 935 1269 999; x_wconf 89' lang='lat' dir='ltr'>natus</span> <span class='ocrx_word' id='word_1_30' title='bbox 1304 936 1376 1013; x_wconf 89' lang='lat' dir='ltr'>est,</span> <span class='ocrx_word' id='word_1_31' title='bbox 1414 928 1512 1000; x_wconf 90' lang='lat' dir='ltr'>here·</span> 
     </span>
     <span class='ocr_line' id='line_1_6' title="bbox 388 1036 1512 1133; baseline -0.001 -24"><span class='ocrx_word' id='word_1_32' title='bbox 388 1038 535 1109; x_wconf 87' lang='lat' dir='ltr'>ditatam</span> <span class='ocrx_word' id='word_1_33' title='bbox 567 1037 683 1133; x_wconf 76' lang='lat' dir='ltr'>petiti</span> <span class='ocrx_word' id='word_1_34' title='bbox 716 1061 839 1110; x_wconf 88' lang='lat' dir='ltr'>nemo:</span> <span class='ocrx_word' id='word_1_35' title='bbox 874 1036 958 1132; x_wconf 90' lang='lat' dir='ltr'>quia</span> <span class='ocrx_word' id='word_1_36' title='bbox 982 1045 1119 1110; x_wconf 90' lang='lat' dir='ltr'>constat</span> <span class='ocrx_word' id='word_1_37' title='bbox 1143 1036 1367 1133; x_wconf 88' lang='lat' dir='ltr'>agnascendo</span> <span class='ocrx_word' id='word_1_38' title='bbox 1395 1039 1512 1133; x_wconf 88' lang='lat' dir='ltr'>rumpi</span> 
     </span>
     <span class='ocr_line' id='line_1_7' title="bbox 387 1141 1513 1242; baseline 0 -23"><span class='ocrx_word' id='word_1_39' title='bbox 387 1154 657 1220; x_wconf 90' lang='lat' dir='ltr'>testamentum:</span> <span class='ocrx_word' id='word_1_40' title='bbox 693 1170 776 1242; x_wconf 90' lang='lat' dir='ltr'>ergo</span> <span class='ocrx_word' id='word_1_41' title='bbox 807 1146 844 1219; x_wconf 93' lang='lat' dir='ltr'>in</span> <span class='ocrx_word' id='word_1_42' title='bbox 868 1145 934 1218; x_wconf 88' lang='lat' dir='ltr'>hoe</span> <span class='ocrx_word' id='word_1_43' title='bbox 959 1170 1086 1242; x_wconf 83' lang='lat' dir='ltr'>genere</span> <span class='ocrx_word' id='word_1_44' title='bbox 1114 1141 1234 1241; x_wconf 86' lang='lat' dir='ltr'>[iuris]</span> <span class='ocrx_word' id='word_1_45' title='bbox 1260 1145 1392 1219; x_wconf 90' lang='lat' dir='ltr'>iudicia</span> <span class='ocrx_word' id='word_1_46' title='bbox 1415 1147 1513 1219; x_wconf 89' lang='lat' dir='ltr'>nulla</span> 
     </span>
     <span class='ocr_line' id='line_1_8' title="bbox 388 1254 1510 1352; baseline 0 -25"><span class='ocrx_word' id='word_1_47' title='bbox 388 1264 481 1328; x_wconf 89' lang='lat' dir='ltr'>sunt.</span> <span class='ocrx_word' id='word_1_48' title='bbox 532 1255 632 1329; x_wconf 82' lang='lat' dir='ltr'>Licet</span> <span class='ocrx_word' id='word_1_49' title='bbox 656 1256 766 1352; x_wconf 89' lang='lat' dir='ltr'>igitur</span> <span class='ocrx_word' id='word_1_50' title='bbox 789 1255 937 1352; x_wconf 89' lang='lat' dir='ltr'>impune</span> <span class='ocrx_word' id='word_1_51' title='bbox 957 1257 1085 1328; x_wconf 90' lang='lat' dir='ltr'>oratori</span> <span class='ocrx_word' id='word_1_52' title='bbox 1103 1280 1246 1329; x_wconf 91' lang='lat' dir='ltr'>omnem</span> <span class='ocrx_word' id='word_1_53' title='bbox 1265 1254 1357 1327; x_wconf 90' lang='lat' dir='ltr'>hanc</span> <span class='ocrx_word' id='word_1_54' title='bbox 1376 1264 1510 1352; x_wconf 91' lang='lat' dir='ltr'>partem</span> 
     </span>
     <span class='ocr_line' id='line_1_9' title="bbox 387 1359 1510 1461; baseline -0.001 -24"><span class='ocrx_word' id='word_1_55' title='bbox 387 1365 473 1437; x_wconf 91' lang='lat' dir='ltr'>iuris</span> <span class='ocrx_word' id='word_1_56' title='bbox 501 1360 554 1459; x_wconf 82' lang='lat' dir='ltr'>[in</span> <span class='ocrx_word' id='word_1_57' title='bbox 579 1359 837 1460; x_wconf 85' lang='lat' dir='ltr'>controversiis]</span> <span class='ocrx_word' id='word_1_58' title='bbox 864 1365 1046 1460; x_wconf 86' lang='lat' dir='ltr'>ignorare,</span> <span class='ocrx_word' id='word_1_59' title='bbox 1073 1390 1163 1461; x_wconf 91' lang='lat' dir='ltr'>quae</span> <span class='ocrx_word' id='word_1_60' title='bbox 1187 1388 1267 1461; x_wconf 88' lang='lat' dir='ltr'>pars</span> <span class='ocrx_word' id='word_1_61' title='bbox 1292 1365 1370 1437; x_wconf 92' lang='lat' dir='ltr'>sine</span> <span class='ocrx_word' id='word_1_62' title='bbox 1402 1363 1510 1437; x_wconf 91' lang='lat' dir='ltr'>dubio</span> 
     </span>
    </p>
   </div>
   <div class='ocr_carea' id='block_1_4' title="bbox 280 1472 1510 1571">
    <p class='ocr_par' dir='ltr' id='par_1_4' title="bbox 280 1472 1510 1571">
     <span class='ocr_line' id='line_1_10' title="bbox 280 1472 1510 1571; baseline 0.004 -30"><span class='ocrx_word' id='word_1_63' title='bbox 280 1504 285 1515; x_wconf 89' lang='lat'><strong>·</strong></span> <span class='ocrx_word' id='word_1_64' title='bbox 316 1498 363 1542; x_wconf 73' lang='lat' dir='ltr'>rra</span> <span class='ocrx_word' id='word_1_65' title='bbox 387 1475 499 1547; x_wconf 89' lang='lat' dir='ltr'>multo</span> <span class='ocrx_word' id='word_1_66' title='bbox 523 1476 676 1547; x_wconf 89' lang='lat' dir='ltr'>maxima</span> <span class='ocrx_word' id='word_1_67' title='bbox 701 1483 763 1548; x_wconf 88' lang='lat' dir='ltr'>est.</span> <span class='ocrx_word' id='word_1_68' title='bbox 804 1475 848 1547; x_wconf 90' lang='lat' dir='ltr'>In</span> <span class='ocrx_word' id='word_1_69' title='bbox 874 1499 915 1546; x_wconf 92' lang='lat' dir='ltr'>eo</span> <span class='ocrx_word' id='word_1_70' title='bbox 939 1483 1058 1547; x_wconf 90' lang='lat' dir='ltr'>autem</span> <span class='ocrx_word' id='word_1_71' title='bbox 1079 1474 1176 1561; x_wconf 91' lang='lat' dir='ltr'>iure,</span> <span class='ocrx_word' id='word_1_72' title='bbox 1203 1473 1299 1569; x_wconf 92' lang='lat' dir='ltr'>quod</span> <span class='ocrx_word' id='word_1_73' title='bbox 1318 1472 1510 1571; x_wconf 78' lang='lat' dir='ltr'>ambigitur</span> 
     </span>
    </p>
   </div>
   <div class='ocr_carea' id='block_1_5' title="bbox 387 1583 1509 1679">
    <p class='ocr_par' dir='ltr' id='par_1_5' title="bbox 387 1583 1509 1679">
     <span class='ocr_line' id='line_1_11' title="bbox 387 1583 1509 1679; baseline -0.001 -23"><span class='ocrx_word' id='word_1_74' title='bbox 387 1585 479 1656; x_wconf 93' lang='lat' dir='ltr'>inter</span> <span class='ocrx_word' id='word_1_75' title='bbox 502 1584 751 1679; x_wconf 90' lang='lat' dir='ltr'>peritissimos,</span> <span class='ocrx_word' id='word_1_76' title='bbox 790 1608 862 1656; x_wconf 92' lang='lat' dir='ltr'>non</span> <span class='ocrx_word' id='word_1_77' title='bbox 887 1591 940 1656; x_wconf 89' lang='lat' dir='ltr'>est</span> <span class='ocrx_word' id='word_1_78' title='bbox 963 1583 1105 1655; x_wconf 88' lang='lat' dir='ltr'>difficile</span> <span class='ocrx_word' id='word_1_79' title='bbox 1125 1583 1254 1656; x_wconf 90' lang='lat' dir='ltr'>oratori</span> <span class='ocrx_word' id='word_1_80' title='bbox 1287 1583 1363 1655; x_wconf 88' lang='lat' dir='ltr'>eius</span> <span class='ocrx_word' id='word_1_81' title='bbox 1387 1585 1509 1678; x_wconf 84' lang='lat' dir='ltr'>partis,</span> 
     </span>
    </p>
   </div>
   <div class='ocr_carea' id='block_1_6' title="bbox 274 1691 1510 1789">
    <p class='ocr_par' dir='ltr' id='par_1_6' title="bbox 274 1691 1510 1789">
     <span class='ocr_line' id='line_1_12' title="bbox 274 1691 1510 1789; baseline 0.004 -30"><span class='ocrx_word' id='word_1_82' title='bbox 274 1740 291 1759; x_wconf 92' lang='lat'>.</span> <span class='ocrx_word' id='word_1_83' title='bbox 387 1717 646 1789; x_wconf 88' lang='lat' dir='ltr'>quamcumque</span> <span class='ocrx_word' id='word_1_84' title='bbox 679 1692 865 1779; x_wconf 81' lang='lat' dir='ltr'>defendat,</span> <span class='ocrx_word' id='word_1_85' title='bbox 899 1700 1075 1765; x_wconf 79' lang='lat' dir='ltr'>auctorem</span> <span class='ocrx_word' id='word_1_86' title='bbox 1107 1692 1261 1788; x_wconf 81' lang='lat' dir='ltr'>aliquem</span> <span class='ocrx_word' id='word_1_87' title='bbox 1284 1691 1510 1779; x_wconf 79' lang='lat' dir='ltr'>invenire3a</span> 
     </span>
    </p>
   </div>
   <div class='ocr_carea' id='block_1_7' title="bbox 312 1801 1604 3204">
    <p class='ocr_par' dir='ltr' id='par_1_7' title="bbox 312 1801 1604 3204">
     <span class='ocr_line' id='line_1_13' title="bbox 387 1801 1509 1899; baseline -0.001 -25"><span class='ocrx_word' id='word_1_88' title='bbox 387 1827 457 1898; x_wconf 88' lang='lat' dir='ltr'>quo</span> <span class='ocrx_word' id='word_1_89' title='bbox 481 1826 592 1898; x_wconf 91' lang='lat' dir='ltr'>quum</span> <span class='ocrx_word' id='word_1_90' title='bbox 616 1810 809 1899; x_wconf 56' lang='lat' dir='ltr'>Qiffltqtqs</span> <span class='ocrx_word' id='word_1_91' title='bbox 834 1801 951 1875; x_wconf 91' lang='lat' dir='ltr'>hastas</span> <span class='ocrx_word' id='word_1_92' title='bbox 976 1802 1167 1899; x_wconf 90' lang='lat' dir='ltr'>acceperit,</span> <span class='ocrx_word' id='word_1_93' title='bbox 1193 1802 1269 1898; x_wconf 90' lang='lat' dir='ltr'>ipse</span> <span class='ocrx_word' id='word_1_94' title='bbox 1293 1803 1509 1875; x_wconf 89' lang='lat' dir='ltr'>easoratoris</span> 
     </span>
     <span class='ocr_line' id='line_1_14' title="bbox 388 1909 1507 2008; baseline 0.001 -25"><span class='ocrx_word' id='word_1_95' title='bbox 388 1912 525 1983; x_wconf 89' lang='lat' dir='ltr'>lacertis</span> <span class='ocrx_word' id='word_1_96' title='bbox 550 1910 754 2008; x_wconf 87' lang='lat' dir='ltr'>viribusque</span> <span class='ocrx_word' id='word_1_97' title='bbox 779 1910 975 2008; x_wconf 86' lang='lat' dir='ltr'>torquebit:</span> <span class='ocrx_word' id='word_1_98' title='bbox 1001 1912 1071 1984; x_wconf 90' lang='lat' dir='ltr'>nisi</span> <span class='ocrx_word' id='word_1_99' title='bbox 1093 1936 1174 1983; x_wconf 90' lang='lat' dir='ltr'>vero</span> <span class='ocrx_word' id='word_1_100' title='bbox 1202 1909 1309 1996; x_wconf 80' lang='lat' dir='ltr'>(bona</span> <span class='ocrx_word' id='word_1_101' title='bbox 1328 1911 1431 1983; x_wconf 86' lang='lat' dir='ltr'>venia</span> <span class='ocrx_word' id='word_1_102' title='bbox 1445 1910 1507 1984; x_wconf 89' lang='lat' dir='ltr'>hu·</span> 
     </span>
     <span class='ocr_line' id='line_1_15' title="bbox 387 2016 1604 2117; baseline 0 -24"><span class='ocrx_word' id='word_1_103' title='bbox 387 2021 442 2093; x_wconf 92' lang='lat' dir='ltr'>ius</span> <span class='ocrx_word' id='word_1_104' title='bbox 467 2020 590 2117; x_wconf 89' lang='lat' dir='ltr'>optimi</span> <span class='ocrx_word' id='word_1_105' title='bbox 614 2021 679 2093; x_wconf 91' lang='lat' dir='ltr'>viri</span> <span class='ocrx_word' id='word_1_106' title='bbox 703 2020 853 2093; x_wconf 85' lang='lat' dir='ltr'>dixerim</span> <span class='ocrx_word' id='word_1_107' title='bbox 879 2016 1113 2117; x_wconf 70' lang='lat' dir='ltr'>[Scaevolaep</span> <span class='ocrx_word' id='word_1_108' title='bbox 1141 2028 1182 2093; x_wconf 93' lang='lat' dir='ltr'>tu</span> <span class='ocrx_word' id='word_1_109' title='bbox 1193 2018 1322 2093; x_wconf 87' lang='lat' dir='ltr'>libellis</span> <span class='ocrx_word' id='word_1_110' title='bbox 1335 2028 1398 2093; x_wconf 92' lang='lat' dir='ltr'>aut</span> <span class='ocrx_word' id='word_1_111' title='bbox 1410 2046 1507 2116; x_wconf 90' lang='lat' dir='ltr'>prae·</span> <span class='ocrx_word' id='word_1_112' title='bbox 1603 2069 1604 2092; x_wconf 49' lang='lat' dir='ltr'>t</span> 
     </span>
     <span class='ocr_line' id='line_1_16' title="bbox 387 2128 1506 2225; baseline -0.002 -22"><span class='ocrx_word' id='word_1_113' title='bbox 387 2132 497 2225; x_wconf 90' lang='lat' dir='ltr'>ceptis</span> <span class='ocrx_word' id='word_1_114' title='bbox 544 2130 652 2203; x_wconf 91' lang='lat' dir='ltr'>soceri</span> <span class='ocrx_word' id='word_1_115' title='bbox 698 2130 752 2201; x_wconf 91' lang='lat' dir='ltr'>tui</span> <span class='ocrx_word' id='word_1_116' title='bbox 792 2155 934 2203; x_wconf 89' lang='lat' dir='ltr'>causam</span> <span class='ocrx_word' id='word_1_117' title='bbox 963 2128 1017 2202; x_wconf 84' lang='grc' dir='ltr'>Μ’</span> <span class='ocrx_word' id='word_1_118' title='bbox 1050 2130 1148 2202; x_wconf 86' lang='lat' dir='ltr'>Curii</span> <span class='ocrx_word' id='word_1_119' title='bbox 1184 2129 1398 2216; x_wconf 87' lang='lat' dir='ltr'>defendisti,</span> <span class='ocrx_word' id='word_1_120' title='bbox 1436 2155 1506 2201; x_wconf 90' lang='lat' dir='ltr'>non</span> 
     </span>
     <span class='ocr_line' id='line_1_17' title="bbox 385 2234 1507 2336; baseline 0 -25"><span class='ocrx_word' id='word_1_121' title='bbox 385 2240 565 2335; x_wconf 85' lang='lat' dir='ltr'>arripuisti</span> <span class='ocrx_word' id='word_1_122' title='bbox 590 2240 822 2336; x_wconf 84' lang='lat' dir='ltr'>patrocinium</span> <span class='ocrx_word' id='word_1_123' title='bbox 846 2239 1053 2336; x_wconf 86' lang='lat' dir='ltr'>aequitatis,</span> <span class='ocrx_word' id='word_1_124' title='bbox 1080 2248 1115 2312; x_wconf 91' lang='lat' dir='ltr'>et</span> <span class='ocrx_word' id='word_1_125' title='bbox 1126 2239 1366 2311; x_wconf 90' lang='lat' dir='ltr'>defensionem</span> <span class='ocrx_word' id='word_1_126' title='bbox 1388 2234 1507 2334; x_wconf 88' lang='lat' dir='ltr'>[testa-</span> 
     </span>
     <span class='ocr_line' id='line_1_18' title="bbox 312 2345 1505 2445; baseline 0.004 -30"><span class='ocrx_word' id='word_1_127' title='bbox 312 2370 360 2416; x_wconf 80' lang='lat'>243</span> <span class='ocrx_word' id='word_1_128' title='bbox 386 2358 585 2423; x_wconf 89' lang='lat' dir='ltr'>mentorum</span> <span class='ocrx_word' id='word_1_129' title='bbox 610 2345 665 2445; x_wconf 89' lang='lat' dir='ltr'>ac]</span> <span class='ocrx_word' id='word_1_130' title='bbox 693 2350 883 2421; x_wconf 87' lang='lat' dir='ltr'>voluntatis</span> <span class='ocrx_word' id='word_1_131' title='bbox 907 2350 1153 2421; x_wconf 85' lang='lat' dir='ltr'>mortuorum?</span> <span class='ocrx_word' id='word_1_132' title='bbox 1185 2347 1238 2421; x_wconf 85' lang='lat' dir='ltr'>Ac</span> <span class='ocrx_word' id='word_1_133' title='bbox 1261 2373 1341 2421; x_wconf 89' lang='lat' dir='ltr'>mea</span> <span class='ocrx_word' id='word_1_134' title='bbox 1358 2350 1505 2445; x_wconf 91' lang='lat' dir='ltr'>quidem</span> 
     </span>
     <span class='ocr_line' id='line_1_19' title="bbox 385 2458 1504 2555; baseline 0 -25"><span class='ocrx_word' id='word_1_135' title='bbox 385 2460 560 2531; x_wconf 89' lang='lat' dir='ltr'>sententia</span> <span class='ocrx_word' id='word_1_136' title='bbox 587 2459 765 2555; x_wconf 85' lang='lat' dir='ltr'>(frequens</span> <span class='ocrx_word' id='word_1_137' title='bbox 790 2459 885 2530; x_wconf 92' lang='lat' dir='ltr'>enim</span> <span class='ocrx_word' id='word_1_138' title='bbox 909 2466 946 2530; x_wconf 90' lang='lat' dir='ltr'>te</span> <span class='ocrx_word' id='word_1_139' title='bbox 969 2458 1107 2544; x_wconf 90' lang='lat' dir='ltr'>audivi,</span> <span class='ocrx_word' id='word_1_140' title='bbox 1133 2466 1237 2555; x_wconf 90' lang='lat' dir='ltr'>atque</span> <span class='ocrx_word' id='word_1_141' title='bbox 1262 2458 1363 2541; x_wconf 87' lang='lat' dir='ltr'>affui)</span> <span class='ocrx_word' id='word_1_142' title='bbox 1391 2459 1504 2531; x_wconf 90' lang='lat' dir='ltr'>multo</span> 
     </span>
     <span class='ocr_line' id='line_1_20' title="bbox 387 2568 1505 2664; baseline 0 -25"><span class='ocrx_word' id='word_1_143' title='bbox 387 2569 552 2640; x_wconf 89' lang='lat' dir='ltr'>maiorem</span> <span class='ocrx_word' id='word_1_144' title='bbox 585 2576 720 2664; x_wconf 89' lang='lat' dir='ltr'>partem</span> <span class='ocrx_word' id='word_1_145' title='bbox 755 2570 1008 2641; x_wconf 89' lang='lat' dir='ltr'>sententiarum</span> <span class='ocrx_word' id='word_1_146' title='bbox 1042 2569 1113 2641; x_wconf 90' lang='lat' dir='ltr'>sale</span> <span class='ocrx_word' id='word_1_147' title='bbox 1138 2576 1219 2654; x_wconf 89' lang='lat' dir='ltr'>tuo,</span> <span class='ocrx_word' id='word_1_148' title='bbox 1246 2575 1281 2639; x_wconf 91' lang='lat' dir='ltr'>et</span> <span class='ocrx_word' id='word_1_149' title='bbox 1305 2568 1446 2664; x_wconf 91' lang='lat' dir='ltr'>lepore,</span> <span class='ocrx_word' id='word_1_150' title='bbox 1472 2576 1505 2639; x_wconf 90' lang='lat' dir='ltr'>et</span> 
     </span>
     <span class='ocr_line' id='line_1_21' title="bbox 385 2677 1603 2779; baseline -0.001 -28"><span class='ocrx_word' id='word_1_151' title='bbox 385 2677 604 2774; x_wconf 87' lang='lat' dir='ltr'>politissimis</span> <span class='ocrx_word' id='word_1_152' title='bbox 640 2678 773 2752; x_wconf 88' lang='lat' dir='ltr'>facetiis</span> <span class='ocrx_word' id='word_1_153' title='bbox 809 2678 1006 2774; x_wconf 85' lang='lat' dir='ltr'>pellexisti,</span> <span class='ocrx_word' id='word_1_154' title='bbox 1045 2702 1157 2775; x_wconf 92' lang='lat' dir='ltr'>quum</span> <span class='ocrx_word' id='word_1_155' title='bbox 1181 2685 1216 2751; x_wconf 90' lang='lat' dir='ltr'>et</span> <span class='ocrx_word' id='word_1_156' title='bbox 1240 2677 1330 2751; x_wconf 91' lang='lat' dir='ltr'>illud</span> <span class='ocrx_word' id='word_1_157' title='bbox 1355 2678 1505 2751; x_wconf 91' lang='lat' dir='ltr'>nimium</span> <span class='ocrx_word' id='word_1_158' title='bbox 1602 2774 1603 2779; x_wconf 6' lang='grc' dir='ltr'><strong>Ἰ</strong></span> 
     </span>
     <span class='ocr_line' id='line_1_22' title="bbox 383 2788 1503 2884; baseline 0 -24"><span class='ocrx_word' id='word_1_159' title='bbox 383 2812 529 2860; x_wconf 82' lang='lat' dir='ltr'>acumen</span> <span class='ocrx_word' id='word_1_160' title='bbox 562 2788 748 2876; x_wconf 87' lang='lat' dir='ltr'>illuderes,</span> <span class='ocrx_word' id='word_1_161' title='bbox 782 2797 818 2861; x_wconf 93' lang='lat' dir='ltr'>et</span> <span class='ocrx_word' id='word_1_162' title='bbox 848 2788 1060 2860; x_wconf 87' lang='lat' dir='ltr'>admirarere</span> <span class='ocrx_word' id='word_1_163' title='bbox 1092 2789 1277 2884; x_wconf 85' lang='lat' dir='ltr'>ingenium</span> <span class='ocrx_word' id='word_1_164' title='bbox 1301 2789 1503 2873; x_wconf 86' lang='lat' dir='ltr'>Scaevolae,</span> 
     </span>
     <span class='ocr_line' id='line_1_23' title="bbox 382 2897 1503 2994; baseline 0.002 -26"><span class='ocrx_word' id='word_1_165' title='bbox 382 2897 443 2993; x_wconf 89' lang='lat' dir='ltr'>qui</span> <span class='ocrx_word' id='word_1_166' title='bbox 485 2898 738 2992; x_wconf 83' lang='lat' dir='ltr'>excogitasset,</span> <span class='ocrx_word' id='word_1_167' title='bbox 770 2899 867 2970; x_wconf 87' lang='lat' dir='ltr'>nasci</span> <span class='ocrx_word' id='word_1_168' title='bbox 897 2898 996 2994; x_wconf 90' lang='lat' dir='ltr'>prius</span> <span class='ocrx_word' id='word_1_169' title='bbox 1024 2906 1204 2994; x_wconf 87' lang='lat' dir='ltr'>oportere,</span> <span class='ocrx_word' id='word_1_170' title='bbox 1235 2921 1342 2994; x_wconf 92' lang='lat' dir='ltr'>quam</span> <span class='ocrx_word' id='word_1_171' title='bbox 1374 2898 1503 2982; x_wconf 89' lang='lat' dir='ltr'>emori,</span> 
     </span>
     <span class='ocr_line' id='line_1_24' title="bbox 383 3006 1502 3104; baseline 0.001 -26"><span class='ocrx_word' id='word_1_172' title='bbox 383 3031 564 3102; x_wconf 90' lang='lat' dir='ltr'>quumque</span> <span class='ocrx_word' id='word_1_173' title='bbox 581 3006 691 3079; x_wconf 90' lang='lat' dir='ltr'>multa</span> <span class='ocrx_word' id='word_1_174' title='bbox 716 3007 897 3102; x_wconf 89' lang='lat' dir='ltr'>colligeres</span> <span class='ocrx_word' id='word_1_175' title='bbox 922 3016 956 3079; x_wconf 88' lang='lat' dir='ltr'>et</span> <span class='ocrx_word' id='word_1_176' title='bbox 980 3006 1207 3104; x_wconf 92' lang='lat' dir='ltr'>exlegibus,</span> <span class='ocrx_word' id='word_1_177' title='bbox 1234 3016 1269 3080; x_wconf 90' lang='lat' dir='ltr'>et</span> <span class='ocrx_word' id='word_1_178' title='bbox 1293 3031 1337 3079; x_wconf 87' lang='lat' dir='ltr'>ex</span> <span class='ocrx_word' id='word_1_179' title='bbox 1361 3016 1502 3080; x_wconf 88' lang='lat' dir='ltr'>senatus</span> 
     </span>
     <span class='ocr_line' id='line_1_25' title="bbox 382 3116 1503 3204; baseline -0.002 -16"><span class='ocrx_word' id='word_1_180' title='bbox 382 3116 572 3202; x_wconf 91' lang='lat' dir='ltr'>consultis,</span> <span class='ocrx_word' id='word_1_181' title='bbox 606 3124 642 3189; x_wconf 89' lang='lat' dir='ltr'>et</span> <span class='ocrx_word' id='word_1_182' title='bbox 673 3141 717 3187; x_wconf 90' lang='lat' dir='ltr'>ex</span> <span class='ocrx_word' id='word_1_183' title='bbox 737 3116 807 3188; x_wconf 88' lang='lat' dir='ltr'>vita</span> <span class='ocrx_word' id='word_1_184' title='bbox 833 3141 873 3204; x_wconf 81' lang='lat' dir='ltr'>ac</span> <span class='ocrx_word' id='word_1_185' title='bbox 898 3141 1057 3190; x_wconf 87' lang='lat' dir='ltr'>sermone</span> <span class='ocrx_word' id='word_1_186' title='bbox 1081 3117 1277 3202; x_wconf 90' lang='lat' dir='ltr'>communi,</span> <span class='ocrx_word' id='word_1_187' title='bbox 1303 3141 1375 3189; x_wconf 90' lang='lat' dir='ltr'>non</span> <span class='ocrx_word' id='word_1_188' title='bbox 1400 3117 1503 3190; x_wconf 87' lang='lat' dir='ltr'>modo</span> 
     </span>
    </p>
   </div>
   <div class='ocr_carea' id='block_1_8' title="bbox 380 3391 919 4632">
    <p class='ocr_par' dir='ltr' id='par_1_8' title="bbox 381 3391 917 3521">
     <span class='ocr_line' id='line_1_26' title="bbox 382 3391 917 3455; baseline -0.006 -13"><span class='ocrx_word' id='word_1_189' title='bbox 382 3407 423 3442; x_wconf 86' lang='lat' dir='ltr'>sus</span> <span class='ocrx_word' id='word_1_190' title='bbox 440 3408 491 3441; x_wconf 89' lang='lat' dir='ltr'>non</span> <span class='ocrx_word' id='word_1_191' title='bbox 505 3396 542 3441; x_wconf 85' lang='lat' dir='ltr'>est</span> <span class='ocrx_word' id='word_1_192' title='bbox 555 3391 627 3442; x_wconf 83' lang='lat' dir='ltr'>huius</span> <span class='ocrx_word' id='word_1_193' title='bbox 642 3391 699 3441; x_wconf 90' lang='lat' dir='ltr'>loci.</span> <span class='ocrx_word' id='word_1_194' title='bbox 734 3392 852 3455; x_wconf 82' lang='lat' dir='ltr'>Corrigo,</span> <span class='ocrx_word' id='word_1_195' title='bbox 867 3393 917 3440; x_wconf 84' lang='lat' dir='ltr'>ete·</span> 
     </span>
     <span class='ocr_line' id='line_1_27' title="bbox 381 3474 440 3521; baseline -0.017 0"><span class='ocrx_word' id='word_1_196' title='bbox 381 3474 440 3521; x_wconf 68' lang='grc' dir='ltr'><strong>πίνη.</strong></span> 
     </span>
    </p>

    <p class='ocr_par' dir='ltr' id='par_1_9' title="bbox 380 3550 919 3848">
     <span class='ocr_line' id='line_1_28' title="bbox 415 3550 917 3610; baseline -0.006 -11"><span class='ocrx_word' id='word_1_197' title='bbox 415 3565 500 3599; x_wconf 77' lang='lat' dir='ltr'>nemo.-</span> <span class='ocrx_word' id='word_1_198' title='bbox 515 3577 549 3586; x_wconf 86' lang='lat'>-—</span> <span class='ocrx_word' id='word_1_199' title='bbox 562 3550 643 3610; x_wconf 84' lang='lat' dir='ltr'>rumpi</span> <span class='ocrx_word' id='word_1_200' title='bbox 651 3550 832 3597; x_wconf 81' lang='lat' dir='ltr'>testamentum.</span> <span class='ocrx_word' id='word_1_201' title='bbox 851 3550 917 3598; x_wconf 88' lang='lat' dir='ltr'>Con-</span> 
     </span>
     <span class='ocr_line' id='line_1_29' title="bbox 380 3627 918 3686; baseline -0.007 -8"><span class='ocrx_word' id='word_1_202' title='bbox 380 3636 419 3678; x_wconf 85' lang='lat' dir='ltr'>tra</span> <span class='ocrx_word' id='word_1_203' title='bbox 433 3634 599 3686; x_wconf 85' lang='lat' dir='ltr'>constantem,</span> <span class='ocrx_word' id='word_1_204' title='bbox 617 3629 643 3677; x_wconf 90' lang='lat' dir='ltr'>ni</span> <span class='ocrx_word' id='word_1_205' title='bbox 656 3628 744 3685; x_wconf 83' lang='lat' dir='ltr'>fallor,</span> <span class='ocrx_word' id='word_1_206' title='bbox 760 3627 918 3675; x_wconf 81' lang='lat' dir='ltr'>consuetudi·</span> 
     </span>
     <span class='ocr_line' id='line_1_30' title="bbox 381 3704 919 3769; baseline -0.006 -13"><span class='ocrx_word' id='word_1_207' title='bbox 381 3723 454 3764; x_wconf 88' lang='lat' dir='ltr'>nem,</span> <span class='ocrx_word' id='word_1_208' title='bbox 467 3709 520 3769; x_wconf 87' lang='lat' dir='ltr'>ipse</span> <span class='ocrx_word' id='word_1_209' title='bbox 526 3708 673 3769; x_wconf 83' lang='lat' dir='ltr'>respondet,</span> <span class='ocrx_word' id='word_1_210' title='bbox 688 3710 744 3768; x_wconf 88' lang='lat' dir='ltr'>post</span> <span class='ocrx_word' id='word_1_211' title='bbox 749 3704 919 3768; x_wconf 80' lang='lat' dir='ltr'>interrogandi</span> 
     </span>
     <span class='ocr_line' id='line_1_31' title="bbox 381 3789 610 3848; baseline -0.004 -14"><span class='ocrx_word' id='word_1_212' title='bbox 381 3789 527 3848; x_wconf 86' lang='lat' dir='ltr'>particulam</span> <span class='ocrx_word' id='word_1_213' title='bbox 543 3801 610 3833; x_wconf 84' lang='lat' dir='ltr'>aum.</span> 
     </span>
    </p>

    <p class='ocr_par' dir='ltr' id='par_1_10' title="bbox 380 3863 919 4161">
     <span class='ocr_line' id='line_1_32' title="bbox 415 3863 919 3925; baseline -0.002 -14"><span class='ocrx_word' id='word_1_214' title='bbox 415 3867 442 3911; x_wconf 82' lang='lat' dir='ltr'>tu</span> <span class='ocrx_word' id='word_1_215' title='bbox 454 3865 498 3912; x_wconf 76' lang='lat' dir='ltr'>hcc</span> <span class='ocrx_word' id='word_1_216' title='bbox 509 3877 597 3924; x_wconf 74' lang='lat' dir='ltr'>qaaere</span> <span class='ocrx_word' id='word_1_217' title='bbox 611 3863 709 3925; x_wconf 61' lang='lat' dir='ltr'>[turia]</span> <span class='ocrx_word' id='word_1_218' title='bbox 727 3863 869 3912; x_wconf 88' lang='lat' dir='ltr'>Delendum</span> <span class='ocrx_word' id='word_1_219' title='bbox 881 3867 919 3910; x_wconf 85' lang='lat' dir='ltr'>eat</span> 
     </span>
     <span class='ocr_line' id='line_1_33' title="bbox 382 3941 918 4002; baseline -0.004 -12"><span class='ocrx_word' id='word_1_220' title='bbox 382 3945 459 4000; x_wconf 82' lang='lat' dir='ltr'>turia,</span> <span class='ocrx_word' id='word_1_221' title='bbox 480 3957 556 4002; x_wconf 89' lang='lat' dir='ltr'>quum</span> <span class='ocrx_word' id='word_1_222' title='bbox 575 3942 662 3990; x_wconf 85' lang='lat' dir='ltr'>inutile</span> <span class='ocrx_word' id='word_1_223' title='bbox 677 3943 702 3988; x_wconf 93' lang='lat' dir='ltr'>h.</span> <span class='ocrx_word' id='word_1_224' title='bbox 723 3943 755 3999; x_wconf 91' lang='lat' dir='ltr'>l.‚</span> <span class='ocrx_word' id='word_1_225' title='bbox 769 3946 837 4000; x_wconf 88' lang='lat' dir='ltr'>tum,</span> <span class='ocrx_word' id='word_1_226' title='bbox 851 3941 918 4002; x_wconf 90' lang='lat' dir='ltr'>quod</span> 
     </span>
     <span class='ocr_line' id='line_1_34' title="bbox 381 4019 916 4084; baseline -0.007 -15"><span class='ocrx_word' id='word_1_227' title='bbox 381 4023 461 4069; x_wconf 88' lang='lat' dir='ltr'>minus</span> <span class='ocrx_word' id='word_1_228' title='bbox 488 4021 587 4082; x_wconf 88' lang='lat' dir='ltr'>proprie</span> <span class='ocrx_word' id='word_1_229' title='bbox 611 4034 688 4084; x_wconf 77' lang='lat' dir='ltr'>qeuru</span> <span class='ocrx_word' id='word_1_230' title='bbox 713 4020 778 4067; x_wconf 80' lang='lat' dir='ltr'>iuria</span> <span class='ocrx_word' id='word_1_231' title='bbox 805 4019 916 4081; x_wconf 85' lang='lat' dir='ltr'>appella-</span> 
     </span>
     <span class='ocr_line' id='line_1_35' title="bbox 380 4100 855 4161; baseline -0.013 -12"><span class='ocrx_word' id='word_1_232' title='bbox 380 4106 428 4150; x_wconf 91' lang='lat' dir='ltr'>tur.</span> <span class='ocrx_word' id='word_1_233' title='bbox 447 4100 561 4148; x_wconf 80' lang='lat' dir='ltr'>Remurit</span> <span class='ocrx_word' id='word_1_234' title='bbox 573 4100 600 4146; x_wconf 78' lang='lat' dir='ltr'>iu</span> <span class='ocrx_word' id='word_1_235' title='bbox 613 4101 656 4146; x_wconf 77' lang='lat' dir='ltr'>troc</span> <span class='ocrx_word' id='word_1_236' title='bbox 668 4111 756 4161; x_wconf 80' lang='lat' dir='ltr'>qaaere</span> <span class='ocrx_word' id='word_1_237' title='bbox 771 4102 782 4155; x_wconf 83' lang='lat'>§</span> <span class='ocrx_word' id='word_1_238' title='bbox 797 4100 855 4145; x_wconf 78' lang='lat'>244.</span> 
     </span>
    </p>

    <p class='ocr_par' dir='ltr' id='par_1_11' title="bbox 380 4176 918 4553">
     <span class='ocr_line' id='line_1_36' title="bbox 418 4176 918 4240; baseline -0.008 -14"><span class='ocrx_word' id='word_1_239' title='bbox 418 4180 457 4240; x_wconf 81' lang='lat' dir='ltr'>[iu</span> <span class='ocrx_word' id='word_1_240' title='bbox 469 4177 664 4238; x_wconf 78' lang='lat' dir='ltr'>controversiis]¹</span> <span class='ocrx_word' id='word_1_241' title='bbox 680 4176 769 4225; x_wconf 88' lang='lat' dir='ltr'>Merito</span> <span class='ocrx_word' id='word_1_242' title='bbox 776 4176 825 4225; x_wconf 90' lang='lat' dir='ltr'>hoc</span> <span class='ocrx_word' id='word_1_243' title='bbox 832 4177 918 4224; x_wconf 83' lang='lat' dir='ltr'>exclu-</span> 
     </span>
     <span class='ocr_line' id='line_1_37' title="bbox 381 4255 917 4317; baseline -0.004 -13"><span class='ocrx_word' id='word_1_244' title='bbox 381 4258 459 4315; x_wconf 88' lang='lat' dir='ltr'>ditur,</span> <span class='ocrx_word' id='word_1_245' title='bbox 473 4263 559 4305; x_wconf 87' lang='lat' dir='ltr'>natum</span> <span class='ocrx_word' id='word_1_246' title='bbox 572 4256 666 4317; x_wconf 83' lang='lat' dir='ltr'>ipsum,</span> <span class='ocrx_word' id='word_1_247' title='bbox 680 4260 708 4303; x_wconf 89' lang='lat' dir='ltr'>ut</span> <span class='ocrx_word' id='word_1_248' title='bbox 720 4259 795 4316; x_wconf 85' lang='lat' dir='ltr'>puto,</span> <span class='ocrx_word' id='word_1_249' title='bbox 810 4268 824 4302; x_wconf 90' lang='lat' dir='ltr'>e</span> <span class='ocrx_word' id='word_1_250' title='bbox 836 4255 917 4317; x_wconf 82' lang='lat' dir='ltr'>glossa</span> 
     </span>
     <span class='ocr_line' id='line_1_38' title="bbox 381 4332 916 4393; baseline -0.006 -11"><span class='ocrx_word' id='word_1_251' title='bbox 381 4337 570 4393; x_wconf 77' lang='lat' dir='ltr'>tncoutrooerei,</span> <span class='ocrx_word' id='word_1_252' title='bbox 601 4332 724 4382; x_wconf 81' lang='lat' dir='ltr'>vocabulo</span> <span class='ocrx_word' id='word_1_253' title='bbox 748 4333 791 4380; x_wconf 85' lang='lat' dir='ltr'>vix</span> <span class='ocrx_word' id='word_1_254' title='bbox 818 4332 916 4380; x_wconf 77' lang='lat' dir='ltr'>nanno.</span> 
     </span>
     <span class='ocr_line' id='line_1_39' title="bbox 382 4411 916 4472; baseline -0.009 -10"><span class='ocrx_word' id='word_1_255' title='bbox 382 4415 470 4463; x_wconf 81' lang='lat' dir='ltr'>Latine</span> <span class='ocrx_word' id='word_1_256' title='bbox 482 4415 584 4472; x_wconf 87' lang='lat' dir='ltr'>dicitur,</span> <span class='ocrx_word' id='word_1_257' title='bbox 607 4417 711 4469; x_wconf 81' lang='lat' dir='ltr'>utmox,</span> <span class='ocrx_word' id='word_1_258' title='bbox 727 4413 778 4468; x_wconf 79' lang='lat' dir='ltr'>tua,</span> <span class='ocrx_word' id='word_1_259' title='bbox 793 4411 916 4472; x_wconf 79' lang='lat' dir='ltr'>quodum-</span> 
     </span>
     <span class='ocr_line' id='line_1_40' title="bbox 380 4494 482 4553; baseline 0.01 -14"><span class='ocrx_word' id='word_1_260' title='bbox 380 4494 482 4553; x_wconf 83' lang='lat' dir='ltr'>biqttur.</span> 
     </span>
    </p>

    <p class='ocr_par' dir='ltr' id='par_1_12' title="bbox 415 4569 915 4632">
     <span class='ocr_line' id='line_1_41' title="bbox 415 4569 915 4632; baseline -0.002 -14"><span class='ocrx_word' id='word_1_261' title='bbox 415 4573 471 4619; x_wconf 77' lang='lat'>242.</span> <span class='ocrx_word' id='word_1_262' title='bbox 489 4584 665 4632; x_wconf 79' lang='lat' dir='ltr'>quamcumque</span> <span class='ocrx_word' id='word_1_263' title='bbox 683 4569 811 4630; x_wconf 72' lang='lat' dir='ltr'>defendat.</span> <span class='ocrx_word' id='word_1_264' title='bbox 846 4569 915 4617; x_wconf 80' lang='lat' dir='ltr'>Alto·</span> 
     </span>
    </p>
   </div>
   <div class='ocr_carea' id='block_1_9' title="bbox 965 3391 1504 4628">
    <p class='ocr_par' dir='ltr' id='par_1_13' title="bbox 967 3391 1503 3533">
     <span class='ocr_line' id='line_1_42' title="bbox 967 3391 1503 3454; baseline -0.006 -14"><span class='ocrx_word' id='word_1_265' title='bbox 967 3407 1039 3449; x_wconf 89' lang='lat' dir='ltr'>rum,</span> <span class='ocrx_word' id='word_1_266' title='bbox 1059 3391 1192 3454; x_wconf 75' lang='lat' dir='ltr'>defendet,</span> <span class='ocrx_word' id='word_1_267' title='bbox 1212 3395 1266 3440; x_wconf 89' lang='lat' dir='ltr'>tum</span> <span class='ocrx_word' id='word_1_268' title='bbox 1278 3395 1375 3439; x_wconf 84' lang='lat' dir='ltr'>rectum</span> <span class='ocrx_word' id='word_1_269' title='bbox 1388 3396 1468 3448; x_wconf 69' lang='lat' dir='ltr'>met,</span> <span class='ocrx_word' id='word_1_270' title='bbox 1484 3391 1503 3438; x_wconf 85' lang='lat' dir='ltr'>si</span> 
     </span>
     <span class='ocr_line' id='line_1_43' title="bbox 967 3470 1370 3533; baseline -0.007 -14"><span class='ocrx_word' id='word_1_271' title='bbox 967 3470 1128 3533; x_wconf 86' lang='lat' dir='ltr'>praecederet</span> <span class='ocrx_word' id='word_1_272' title='bbox 1140 3485 1189 3518; x_wconf 78' lang='lat' dir='ltr'>acu</span> <span class='ocrx_word' id='word_1_273' title='bbox 1201 3471 1251 3517; x_wconf 79' lang='lat' dir='ltr'>erit</span> <span class='ocrx_word' id='word_1_274' title='bbox 1263 3470 1370 3532; x_wconf 79' lang='lat' dir='ltr'>difficile.</span> 
     </span>
    </p>

    <p class='ocr_par' dir='ltr' id='par_1_14' title="bbox 966 3547 1504 3988">
     <span class='ocr_line' id='line_1_44' title="bbox 1001 3547 1504 3609; baseline -0.006 -12"><span class='ocrx_word' id='word_1_275' title='bbox 1001 3550 1109 3597; x_wconf 75' lang='lat' dir='ltr'>oratorie</span> <span class='ocrx_word' id='word_1_276' title='bbox 1128 3549 1229 3597; x_wconf 62' lang='lat' dir='ltr'>uentu</span> <span class='ocrx_word' id='word_1_277' title='bbox 1244 3576 1279 3584; x_wconf 84' lang='lat'><em>-</em></span> <span class='ocrx_word' id='word_1_278' title='bbox 1292 3549 1425 3609; x_wconf 75' lang='lat' dir='ltr'>torquebit.</span> <span class='ocrx_word' id='word_1_279' title='bbox 1459 3547 1504 3595; x_wconf 85' lang='lat' dir='ltr'>Vix</span> 
     </span>
     <span class='ocr_line' id='line_1_45' title="bbox 967 3626 1504 3685; baseline 0 -11"><span class='ocrx_word' id='word_1_280' title='bbox 967 3627 1111 3685; x_wconf 82' lang='lat' dir='ltr'>terendum,</span> <span class='ocrx_word' id='word_1_281' title='bbox 1132 3632 1160 3675; x_wconf 87' lang='lat' dir='ltr'>ut</span> <span class='ocrx_word' id='word_1_282' title='bbox 1180 3627 1276 3675; x_wconf 83' lang='lat' dir='ltr'>dicatur</span> <span class='ocrx_word' id='word_1_283' title='bbox 1295 3627 1383 3674; x_wconf 81' lang='lat' dir='ltr'>orator</span> <span class='ocrx_word' id='word_1_284' title='bbox 1399 3626 1504 3674; x_wconf 71' lang='lat' dir='ltr'>oratoris</span> 
     </span>
     <span class='ocr_line' id='line_1_46' title="bbox 969 3705 1502 3768; baseline 0.002 -16"><span class='ocrx_word' id='word_1_285' title='bbox 969 3707 1069 3753; x_wconf 71' lang='lat' dir='ltr'>lacertis</span> <span class='ocrx_word' id='word_1_286' title='bbox 1080 3710 1204 3767; x_wconf 75' lang='lat' dir='ltr'>torquere.</span> <span class='ocrx_word' id='word_1_287' title='bbox 1223 3705 1438 3768; x_wconf 84' lang='lat' dir='ltr'>Corrigendumne</span> <span class='ocrx_word' id='word_1_288' title='bbox 1448 3720 1502 3753; x_wconf 82' lang='lat' dir='ltr'>oru-</span> 
     </span>
     <span class='ocr_line' id='line_1_47' title="bbox 967 3777 1502 3845; baseline 0 -15"><span class='ocrx_word' id='word_1_289' title='bbox 967 3777 1057 3831; x_wconf 67' lang='lat' dir='ltr'>toute?</span> <span class='ocrx_word' id='word_1_290' title='bbox 1101 3782 1215 3833; x_wconf 70' lang='lat' dir='ltr'>scribere</span> <span class='ocrx_word' id='word_1_291' title='bbox 1234 3784 1315 3845; x_wconf 82' lang='lat' dir='ltr'>potuit</span> <span class='ocrx_word' id='word_1_292' title='bbox 1333 3789 1419 3831; x_wconf 76' lang='lat' dir='ltr'>tamen</span> <span class='ocrx_word' id='word_1_293' title='bbox 1438 3784 1502 3840; x_wconf 68' lang='lat' dir='ltr'>sua,</span> 
     </span>
     <span class='ocr_line' id='line_1_48' title="bbox 967 3862 1501 3923; baseline -0.006 -13"><span class='ocrx_word' id='word_1_294' title='bbox 967 3863 1035 3923; x_wconf 90' lang='lat' dir='ltr'>quod</span> <span class='ocrx_word' id='word_1_295' title='bbox 1047 3862 1187 3910; x_wconf 73' lang='lat' dir='ltr'>annotaturi</span> <span class='ocrx_word' id='word_1_296' title='bbox 1198 3862 1414 3923; x_wconf 81' lang='lat' dir='ltr'>interpretandum</span> <span class='ocrx_word' id='word_1_297' title='bbox 1425 3862 1501 3909; x_wconf 82' lang='lat' dir='ltr'>visum</span> 
     </span>
     <span class='ocr_line' id='line_1_49' title="bbox 966 3939 1050 3988; baseline 0 0"><span class='ocrx_word' id='word_1_298' title='bbox 966 3939 1050 3988; x_wconf 84' lang='lat' dir='ltr'>fuerit.</span> 
     </span>
    </p>

    <p class='ocr_par' dir='ltr' id='par_1_15' title="bbox 966 4017 1501 4156">
     <span class='ocr_line' id='line_1_50' title="bbox 1002 4017 1501 4081; baseline 0.002 -16"><span class='ocrx_word' id='word_1_299' title='bbox 1002 4017 1164 4081; x_wconf 63' lang='lat' dir='ltr'>{Scaevolae}</span> <span class='ocrx_word' id='word_1_300' title='bbox 1186 4022 1242 4078; x_wconf 88' lang='lat' dir='ltr'>Quo</span> <span class='ocrx_word' id='word_1_301' title='bbox 1254 4018 1310 4068; x_wconf 86' lang='lat' dir='ltr'>iure</span> <span class='ocrx_word' id='word_1_302' title='bbox 1323 4018 1501 4074; x_wconf 84' lang='lat' dir='ltr'>omittendum,</span> 
     </span>
     <span class='ocr_line' id='line_1_51' title="bbox 966 4097 1162 4156; baseline 0 -12"><span class='ocrx_word' id='word_1_303' title='bbox 966 4097 1162 4156; x_wconf 68' lang='lat' dir='ltr'>vidad5193.</span> 
     </span>
    </p>

    <p class='ocr_par' dir='ltr' id='par_1_16' title="bbox 965 4173 1502 4628">
     <span class='ocr_line' id='line_1_52' title="bbox 999 4173 1501 4236; baseline 0 -14"><span class='ocrx_word' id='word_1_304' title='bbox 999 4189 1049 4223; x_wconf 80' lang='lat' dir='ltr'>aon</span> <span class='ocrx_word' id='word_1_305' title='bbox 1069 4176 1211 4236; x_wconf 74' lang='lat' dir='ltr'>arripuisti,</span> <span class='ocrx_word' id='word_1_306' title='bbox 1245 4177 1329 4234; x_wconf 84' lang='lat' dir='ltr'>Quum</span> <span class='ocrx_word' id='word_1_307' title='bbox 1349 4189 1364 4222; x_wconf 88' lang='lat' dir='ltr'>a</span> <span class='ocrx_word' id='word_1_308' title='bbox 1381 4173 1451 4222; x_wconf 82' lang='lat' dir='ltr'>libris</span> <span class='ocrx_word' id='word_1_309' title='bbox 1464 4173 1501 4222; x_wconf 90' lang='lat' dir='ltr'>edi</span> 
     </span>
     <span class='ocr_line' id='line_1_53' title="bbox 966 4253 1502 4314; baseline -0.004 -12"><span class='ocrx_word' id='word_1_310' title='bbox 966 4256 1057 4302; x_wconf 81' lang='lat' dir='ltr'>soleret</span> <span class='ocrx_word' id='word_1_311' title='bbox 1069 4269 1148 4302; x_wconf 77' lang='lat' dir='ltr'>nouae</span> <span class='ocrx_word' id='word_1_312' title='bbox 1160 4254 1255 4314; x_wconf 68' lang='lat' dir='ltr'>wip,</span> <span class='ocrx_word' id='word_1_313' title='bbox 1275 4268 1356 4301; x_wconf 86' lang='lat' dir='ltr'>meam</span> <span class='ocrx_word' id='word_1_314' title='bbox 1369 4253 1502 4302; x_wconf 82' lang='lat' dir='ltr'>correctio·</span> 
     </span>
     <span class='ocr_line' id='line_1_54' title="bbox 966 4331 1500 4393; baseline -0.004 -13"><span class='ocrx_word' id='word_1_315' title='bbox 966 4348 1024 4381; x_wconf 89' lang='lat' dir='ltr'>nem</span> <span class='ocrx_word' id='word_1_316' title='bbox 1034 4332 1099 4380; x_wconf 86' lang='lat' dir='ltr'>hanc</span> <span class='ocrx_word' id='word_1_317' title='bbox 1106 4336 1273 4381; x_wconf 85' lang='lat' dir='ltr'>assumserunt</span> <span class='ocrx_word' id='word_1_318' title='bbox 1278 4331 1326 4379; x_wconf 79' lang='lat' dir='ltr'>viri</span> <span class='ocrx_word' id='word_1_319' title='bbox 1331 4332 1412 4388; x_wconf 84' lang='lat' dir='ltr'>docti,</span> <span class='ocrx_word' id='word_1_320' title='bbox 1427 4345 1500 4393; x_wconf 89' lang='lat' dir='ltr'>quum</span> 
     </span>
     <span class='ocr_line' id='line_1_55' title="bbox 965 4411 1501 4469; baseline -0.002 -11"><span class='ocrx_word' id='word_1_321' title='bbox 965 4411 1501 4469; x_wconf 74' lang='lat' dir='ltr'>denomnusem,sicdemumtotumlocum</span> 
     </span>
     <span class='ocr_line' id='line_1_56' title="bbox 965 4488 1500 4553; baseline -0.004 -16"><span class='ocrx_word' id='word_1_322' title='bbox 965 4489 992 4537; x_wconf 90' lang='lat' dir='ltr'>in</span> <span class='ocrx_word' id='word_1_323' title='bbox 1012 4505 1087 4538; x_wconf 81' lang='lat' dir='ltr'>unum</span> <span class='ocrx_word' id='word_1_324' title='bbox 1106 4489 1344 4553; x_wconf 80' lang='lat' dir='ltr'>argumentationem</span> <span class='ocrx_word' id='word_1_325' title='bbox 1362 4488 1500 4551; x_wconf 87' lang='lat' dir='ltr'>cogendum</span> 
     </span>
     <span class='ocr_line' id='line_1_57' title="bbox 967 4565 1500 4628; baseline 0 -13"><span class='ocrx_word' id='word_1_326' title='bbox 967 4582 1027 4618; x_wconf 78' lang='lat' dir='ltr'>aare.</span> <span class='ocrx_word' id='word_1_327' title='bbox 1053 4567 1125 4628; x_wconf 84' lang='lat' dir='ltr'>Nou,</span> <span class='ocrx_word' id='word_1_328' title='bbox 1140 4565 1265 4621; x_wconf 75' lang='grc' dir='ltr'>ἀσυνδέτως</span> <span class='ocrx_word' id='word_1_329' title='bbox 1277 4567 1500 4628; x_wconf 72' lang='lat' dir='ltr'>positumpoatniat</span> 
     </span>
    </p>
   </div>
   <div class='ocr_carea' id='block_1_10' title="bbox 0 0 1626 5500">
    <p class='ocr_par' dir='ltr' id='par_1_17' title="bbox 0 0 1626 5500">
     <span class='ocr_line' id='line_1_58' title="bbox 0 0 1626 5500; baseline 0 2"><span class='ocrx_word' id='word_1_330' title='bbox 0 0 1626 5500; x_wconf 95' lang='lat' dir='ltr'> </span> 
     </span>
    </p>
   </div>
  </div>
 </body>
</html>
