3242 5500
498 736 608 798 glectum
621 748 689 789 esse;
703 733 781 796 magis
797 733 884 791 etiam,
899 733 999 794 quadis
1015 749 1066 782 non
1079 734 1212 783 offenditur
1221 748 1250 782 es
1257 735 1395 793 locutione,
1411 751 1468 797 qua

499 813 575 862 utitur
594 812 720 870 Velleius,
741 827 818 873 quum
837 812 911 869 dicit,
934 814 956 860 si
971 812 1046 872 prius
1064 813 1209 874 protelatus
1223 827 1265 862 ero
1279 812 1308 866 Q.
1325 815 1413 862 ecreto
1430 843 1470 850 --

500 894 541 954 qut
555 895 634 940 morte
640 891 732 952 functi
743 893 811 939 suat.
845 890 939 940 Omitto
951 891 1032 952 ipsum
1048 891 1124 948 illud,
1142 894 1247 940 mortem
1262 894 1302 940 cui
1313 893 1466 953 protelari.-

498 971 542 1020 sed
556 971 618 1027 hoc,
633 969 654 1018 si
665 969 766 1025 liceret,
780 969 907 1030 aliquanto
921 969 1008 1018 melius
1023 970 1120 1031 aequali
1134 971 1294 1028 conveniret,
1310 986 1383 1031 quam
1398 974 1467 1020 Vel-

500 1051 562 1106 leio,
578 1063 655 1110 quum
668 1047 697 1104 ii,
715 1047 804 1109 quibus
818 1048 969 1110 gratulatur,
985 1048 1067 1096 multia
1082 1049 1152 1097 annis
1165 1053 1223 1097 ante
1238 1063 1313 1109 quam
1325 1049 1378 1110 ipse
1386 1055 1466 1100 natus

500 1132 578 1185 esset,
596 1126 755 1175 interiissent.

334 1209 383 1256 lll.
403 1211 415 1265 5
446 1207 483 1254 17.
508 1207 601 1254 Vitium
615 1219 747 1267 operarum
760 1205 906 1268 corrigatur,
922 1206 1062 1268 utlagatur,
1077 1206 1466 1268 quomqueeumiacauttatione.

335 1287 384 1334 Ill.
402 1290 414 1344 5
447 1288 484 1334 18.
502 1287 532 1333 ut
545 1286 609 1331 soto
621 1284 665 1332 hcc
673 1285 825 1344 praesertim
839 1299 928 1332 munus
936 1285 1024 1345 putem
1038 1285 1134 1332 diutius
1141 1287 1321 1344 posse-debere.
1340 1287 1466 1334 Concedo

307 1361 313 1369 ’
499 1364 523 1410 in
538 1362 633 1411 Pearcii
645 1362 778 1420 iudicium,
796 1363 839 1423 qui
853 1377 883 1410 ex
898 1363 1048 1411 Ascensiana
1063 1361 1140 1412 edidit
1155 1363 1244 1410 debeat.
1279 1364 1319 1412 Sic
1331 1366 1404 1413 Tusc.
1421 1365 1463 1413 II.

500 1444 511 1502 5
533 1439 578 1498 67,
598 1442 643 1489 aed
659 1441 703 1488 tur
721 1441 765 1489 ltoc
777 1442 846 1488 rideo
858 1455 905 1488 nou
914 1455 988 1501 posse
1000 1442 1096 1488 deberi:
1113 1446 1138 1489 et
1153 1441 1254 1491 omnino
1268 1442 1329 1490 ratio
1343 1442 1396 1504 ipsa
1410 1458 1463 1504 po·

503 1522 578 1568 stulat
592 1519 729 1568 Passivnm.

335 1603 382 1648 lll.
402 1605 414 1658 5
442 1601 482 1648 21.
506 1598 550 1646 Ubi
567 1601 632 1646 enim
645 1600 777 1659 perspecta
795 1600 831 1647 aia
846 1601 883 1646 eat
902 1599 1008 1646 rationis
1028 1601 1096 1657 eiua,
1117 1612 1165 1660 quo
1183 1613 1366 1648 eausaercram
1381 1601 1466 1662 utque

499 1679 584 1726 caitus
598 1679 784 1741 copaoscuatur.
821 1678 959 1738 Impropric
978 1677 1067 1725 dicitur
1082 1691 1168 1725 causas
1180 1678 1255 1740 atque
1266 1679 1363 1726 euitusr
1376 1679 1467 1726 atione

499 1757 625 1821 repauset:
651 1755 713 1804 ratio
732 1755 814 1816 potius
832 1755 885 1816 ipsa
908 1761 960 1804 erat
976 1755 1167 1816 perspicienda,
1194 1757 1209 1803 i.
1231 1771 1253 1804 e.
1275 1757 1464 1819 cognoscenda.

499 1836 630 1898 Proprium
644 1834 876 1890 annuntiaretur,
893 1835 909 1881 i.
931 1849 954 1882 e.
974 1835 1108 1883 cohaerent
1121 1834 1185 1882 inter
1198 1849 1232 1882 se.

334 1917 413 1974 lll.5
444 1915 484 1963 29.
501 1917 557 1962 Non
576 1913 684 1962 servavit
703 1912 836 1960 discrimen
854 1912 918 1960 inter
935 1913 1033 1970 vetera,
1058 1918 1083 1961 et
1103 1913 1205 1974 antiqno
1226 1914 1326 1971 Livius,
1346 1914 1387 1975 qui
1411 1913 1464 1961 IX.

499 1995 539 2041 34.
562 1993 601 2038 14.
624 1991 685 2053 quid
703 2005 745 2052 epo
764 1991 867 2052 antiqua
891 1992 1019 2052 repetam?
1058 1991 1147 2040 Melius
1165 1991 1231 2039 idem
1252 1993 1346 2040 XXVI.
1366 1993 1408 2039 41.
1434 1993 1466 2040 9.

500 2074 582 2120 vetera
598 2069 692 2117 ornttto.

334 2155 383 2202 lll.
402 2157 415 2210 5
447 2153 487 2200 31.
508 2149 630 2209 Sulprtcs'ua
643 2150 669 2195 et
683 2148 763 2196 Cotta.
798 2147 931 2196 Manifesta
947 2147 1009 2196 hacc
1022 2147 1128 2196 Nomina
1139 2148 1287 2210 interpolata
1301 2153 1365 2196 sunt.

335 2232 381 2279 ΙΙΙ.
401 2236 414 2289 5
442 2231 483 2279 47.
501 2228 561 2276 mitt
575 2255 609 2264 -
622 2227 782 2274 simillimum.
800 2228 962 2288 Propterea,
978 2228 1181 2288 quaeSeyffertus
1191 2227 1464 2289 disputatadTusc.V.

500 2314 512 2367 5
528 2310 573 2363 56,
590 2306 649 2354 neat·
663 2311 789 2368 praestare
802 2305 908 2354 videtur.

336 2391 383 2438 lll.
403 2393 415 2446 5
445 2391 486 2436 48.
505 2386 578 2445 Quod
597 2384 720 2434 emblema
739 2383 862 2440 indicavi,
888 2385 917 2430 ut
938 2383 1104 2444 disputemus,
1127 2383 1237 2432 eiusdem
1251 2385 1347 2448 generis
1369 2389 1407 2433 est
1427 2386 1463 2431 il-

498 2466 584 2522 lud,5
599 2464 644 2520 97,
660 2465 690 2510 ut
703 2463 817 2510 caveatis.
853 2461 955 2510 Memini
968 2476 1008 2509 me
1021 2462 1087 2516 idem
1101 2475 1201 2510 monere
1216 2463 1247 2510 ad
1261 2464 1334 2510 Tusc.
1350 2465 1370 2510 l.
1388 2468 1400 2520 5
1417 2467 1464 2512 52.

502 2549 526 2592 ct
547 2545 596 2591 111.
618 2547 630 2600 5
647 2541 678 2591 76
693 2541 810 2599 (Scholic.
827 2542 952 2602 Hypomn.
968 2541 1012 2587 IV.
1027 2556 1051 2601 p.
1068 2539 1098 2588 78
1116 2545 1140 2590 et
1154 2540 1199 2605 95)
1213 2540 1301 2602 quihus
1314 2557 1381 2589 nunc
1396 2542 1465 2590 haec

501 2623 580 2680 addo,
602 2621 689 2669 eodem
711 2619 767 2667 Lib.
790 2621 839 2667 111.
862 2623 874 2677 5
898 2619 944 2676 77,
965 2620 1105 2667 tollendum
1119 2633 1172 2668 esse
1186 2621 1284 2678 docere,
1300 2624 1312 2679 5
1328 2621 1367 2669 80.
1381 2620 1465 2668 verba

500 2704 530 2750 ut
551 2700 701 2758 videremus,
724 2700 767 2746 lV.
792 2703 804 2757 5
828 2697 867 2745 60.
890 2701 914 2745 et
932 2710 1005 2759 quum
1019 2699 1118 2757 docem,
1133 2702 1158 2746 et
1170 2698 1191 2746 at
1204 2700 1301 2758 doceas,
1316 2704 1341 2749 et
1352 2698 1464 2749 tortasse

501 2786 513 2839 5
530 2780 569 2830 76.
586 2777 819 2827 demonstrandum.-
835 2775 902 2824 conf.
918 2780 930 2834 5
946 2777 985 2823 83.

334 2864 414 2918 lll.5
443 2862 484 2907 50.
502 2859 567 2907 Vitio
594 2871 726 2919 operarum
753 2855 846 2904 editum
874 2858 911 2903 est
941 2854 1037 2902 eusdem
1056 2855 1138 2903 uatem
1157 2856 1274 2914 amulae,
1295 2871 1340 2918 pro
1360 2860 1463 2907 easdem

499 2953 539 2985 res
558 2940 679 2984 autema.
713 2937 807 2983 Tamen
826 2932 928 2982 dubium
948 2933 1047 2981 videtur
1069 2948 1101 2981 an
1121 2947 1160 2983 ree
1178 2948 1262 2998 apere,
1280 2936 1306 2983 in
1321 2936 1367 2984 hoc
1381 2951 1461 3000 argu-

500 3020 591 3072 mento,
611 3018 677 3062 recte
697 3013 801 3062 dicatur.
837 3013 932 3061 Omissa
950 3012 994 3059 illo
1015 3012 1136 3070 Nomine,
1158 3014 1254 3061 eusdem
1276 3016 1405 3063 commode
1418 3018 1460 3063 in·

497 3094 639 3157 telligernus
666 3106 765 3150 causas,
791 3106 822 3139 ex
847 3089 1057 3139 antecedentibus.
1099 3094 1179 3150 Quam
1205 3092 1330 3141 diversum
1355 3093 1387 3141 sit
1414 3095 1459 3153 id,

499 3174 566 3236 quod
586 3173 618 3220 de
637 3173 732 3219 Graeco
752 3170 893 3227 transtulit,
913 3171 984 3218 actor
1004 3184 1088 3217 rerum
1108 3168 1208 3234 (557),
1229 3171 1346 3233 explicari
1357 3186 1408 3220 non
1421 3178 1462 3221 est

499 3266 607 3301 necesse.

334 3338 382 3384 lll.
402 3339 413 3392 5
444 3337 483 3381 54.
502 3332 598 3394 aequarit
609 3328 689 3377 adduc
699 3342 725 3375 ae
739 3329 836 3376 vidisse.
861 3328 994 3389 Perperam
1008 3326 1150 3376 offendebat
1164 3328 1289 3377 Aduerbio
1301 3329 1394 3387 adduc,
1407 3344 1460 3391 quo

499 3411 586 3458 eodem
600 3406 716 3456 utebatur
729 3406 852 3455 Antonius
866 3421 954 3469 supra,
970 3407 990 3454 l.
1006 3409 1018 3464 5
1033 3406 1074 3453 94.
1094 3406 1229 3455 collocatio
1240 3406 1344 3455 fortasse
1358 3408 1458 3456 Adver-

497 3490 531 3538 bii
544 3486 750 3550 reprehendenda
764 3490 825 3533 erat.
860 3485 955 3533 Eodem
968 3485 1042 3533 modo
1056 3489 1093 3533 est
1106 3487 1179 3533 Tusc.
1195 3485 1229 3533 Il.
1245 3489 1257 3544 5
1274 3486 1314 3533 51.

335 3574 381 3621 lll.
401 3575 413 3629 5
444 3573 483 3617 54.
502 3568 576 3628 Quod
594 3566 658 3615 bene
675 3564 808 3613 correxisse
828 3563 888 3613 mihi
908 3564 995 3612 videor
1015 3565 1049 3611 Il.
1068 3568 1080 3621 5
1096 3567 1125 3622 5,
1143 3565 1279 3626 eloquentie
1292 3580 1391 3622 nomen,
1410 3580 1457 3627 pro

498 3647 650 3709 eloquentiae
662 3660 700 3702 aa,
713 3642 806 3691 oblitus
820 3657 886 3691 eram
902 3657 978 3703 quum
990 3642 1031 3690 hie
1042 3643 1125 3690 locum
1137 3643 1209 3691 illum
1221 3642 1333 3691 excitavi.

334 3732 413 3785 lll.5
444 3729 483 3775 80.
497 3724 640 3787 praeceptis
666 3724 734 3771 illius
752 3721 865 3782 copaitia.
906 3721 1011 3770 Difficile
1030 3725 1068 3770 cst
1086 3720 1145 3769 hinc
1164 3724 1274 3780 efficere,
1297 3722 1457 3771 Aristotelem

498 3803 626 3869 (quoniam
645 3802 677 3849 ad
697 3800 765 3848 hunc
782 3801 890 3861 pertinet
909 3802 983 3848 Pron.
998 3798 1078 3862 illius)
1092 3803 1224 3862 praecepta
1237 3800 1351 3858 edidisse,
1365 3800 1457 3861 quibus

499 3884 612 3939 doceret,
632 3894 681 3941 quo
702 3880 776 3927 modo
795 3879 822 3927 in
841 3879 908 3926 omni
922 3892 994 3927 causa
1008 3880 1071 3926 duae
1089 3879 1226 3927 contrariae
1238 3878 1360 3928 orationes
1373 3886 1458 3929 essent

496 3960 672 4023 explicandae,
691 3958 806 4020 quoniam
826 3958 898 4006 huius
918 3957 1041 4005 facultatis
1062 3971 1112 4005 non
1129 3958 1176 4005 nisi
1187 3958 1301 4019 exempla
1312 3957 1337 4005 in
1350 3958 1457 4021 dialogis

495 4039 603 4101 reliquit.
644 4040 730 4098 Neque
759 4051 816 4085 mox
843 4036 868 4084 in
897 4035 1007 4085 Arcesila
1031 4040 1073 4085 aut
1100 4036 1227 4085 Carneade
1249 4037 1300 4085 ulla
1320 4043 1457 4099 praecepte

499 4121 735 4172 commemorantur,
756 4115 845 4177 quibus
867 4114 970 4178 cognitis
988 4114 1077 4162 horum
1091 4114 1226 4163 disserendi
1239 4115 1383 4164 facultatem
1397 4131 1455 4165 ora·

496 4204 536 4247 tor
555 4196 652 4257 assequi
666 4199 757 4257 posset.
791 4193 916 4256 Explieari
930 4193 990 4241 mihi
1003 4193 1094 4252 velim,
1112 4207 1160 4255 quo
1175 4196 1248 4242 modo
1260 4194 1307 4243 tria
1320 4194 1364 4243 illa
1376 4194 1457 4245 verba

495 4277 588 4326 tuenda
601 4276 658 4323 sint.

331 4360 380 4407 lll.
399 4363 411 4416 5
442 4360 481 4405 80.
500 4356 573 4415 Quod
593 4354 619 4401 in
639 4350 795 4401 Praefatione
817 4350 939 4413 disputavi
955 4352 986 4399 de
1008 4351 1193 4413 interpretando
1209 4351 1359 4401 Aristotelea
1372 4368 1454 4413 more,

496 4433 636 4484 confirmari
649 4435 709 4494 puto
723 4432 771 4479 hoc
783 4432 907 4492 exemplo.

330 4518 410 4573 lll.5
441 4516 481 4563 sl.
501 4514 612 4561 (toracem
632 4512 707 4559 istum
726 4510 840 4560 veterem,
880 4506 964 4565 lutra,
990 4513 1002 4567 5
1025 4510 1087 4567 182,
1112 4510 1226 4559 Catulum
1241 4510 1385 4571 alloquens,
1400 4512 1456 4561 iure

496 4593 598 4642 Crassus
611 4590 722 4651 appellat
734 4588 893 4637 Aristotelem
907 4590 1030 4637 uestrum:
1050 4587 1118 4637 conf.
1133 4592 1145 4647 5
1160 4588 1216 4648 187,
1230 4589 1283 4637 init.
