3242 5500
457 564 570 613 uranu
596 566 767 615 ruamus
796 548 814 628 t
841 547 897 617 71.
1169 546 1239 614 305

115 736 182 821 tis,
221 743 257 805 et
289 734 319 805 si
350 735 448 807 illam
481 737 692 831 praeclaram
707 744 756 810 ,et
779 736 942 808 eximiam
968 738 1119 833 speciem
1148 732 1238 831 [ora-

114 845 202 915 toris
231 840 392 939 perfecti]
427 854 461 917 et
490 844 790 940 pulchritudinem
820 845 1029 932 adamastis,
1055 854 1117 917 aut
1141 844 1239 916 vobis

114 952 201 1025 haec
220 954 442 1039 Carneadea,
469 962 529 1026 aut
547 954 607 1025 illa
624 954 825 1026 Aristotelia
842 955 894 1026 vis
911 954 1239 1050 comprehendenda

113 1070 178 1135 est.
233 1062 398 1158 Namque
434 1066 488 1149 (ui
517 1071 597 1134 ante
623 1062 710 1150 dixi)
738 1072 871 1135 veteres
894 1064 946 1134 illi
971 1063 1151 1159 usquead
1176 1064 1237 1133 So·
1264 1076 1295 1126 ii

113 1180 245 1247 cratem
278 1196 419 1243 omnem
454 1172 613 1244 omnium
638 1197 775 1258 rerum,
803 1196 893 1268 quae
918 1173 962 1243 ad
988 1197 1100 1262 mores
1125 1172 1236 1243 homi-

113 1305 223 1365 num,
268 1304 359 1375 quae
395 1281 440 1351 ad
476 1282 603 1366 vitam,
643 1305 732 1377 quae
769 1281 814 1353 ad
849 1281 1037 1365 virtutem,
1077 1304 1166 1376 quae
1194 1281 1238 1351 ad

112 1414 187 1461 rem
229 1389 407 1484 publicam
448 1389 692 1484 pertinebant,
724 1390 962 1484 cognitionem
992 1398 1027 1461 ct
1055 1390 1238 1461 seientiam

111 1522 194 1569 cum
231 1498 371 1569 dicendi
405 1499 539 1569 ratione
573 1497 789 1593 iungebant:
829 1506 950 1593 postea
979 1498 1157 1569 dissociati
1183 1501 1238 1584 (ut

111 1608 275 1703 exposui)
314 1631 343 1678 a·
368 1607 507 1679 Socrate
533 1606 654 1679 diserti
680 1632 699 1678 a
724 1607 855 1693 doctis,
882 1614 917 1679 et
940 1607 1105 1702 deinceps
1130 1632 1153 1677 a·
1174 1608 1235 1677 So·

111 1717 250 1790 creticis
275 1717 360 1788 item
385 1715 570 1801 omnibus,
596 1716 797 1812 philosophi
816 1716 1051 1811 eloquentiam
1069 1716 1235 1812 despexe·

111 1833 215 1910 runi,
242 1835 395 1897 oratores
421 1826 645 1921 sapientiam:
672 1848 787 1921 neque
810 1826 1005 1922 quidquam
1030 1850 1072 1895 ex
1095 1825 1236 1897 alterius

111 1944 213 2030 parte
245 1935 459 2030 tetigerunt,
494 1935 563 2006 nisi
586 1935 682 2029 quod
703 1936 756 2007 illi
779 1934 823 2007 ab
846 1934 922 2020 hm,
948 1943 1010 2006 aut
1034 1934 1079 2006 ab
1102 1935 1173 2006 illis
1198 1935 1235 2006 hi

112 2051 380 2129 mutuarentur,
417 2068 459 2113 ex
496 2068 566 2138 quo
591 2044 789 2138 promiscue
814 2044 1015 2129 haurirent,
1043 2044 1073 2114 si
1096 2068 1238 2115 manere

109 2154 146 2224 in
173 2154 324 2249 pristina
347 2154 593 2224 communione
616 2152 819 2225 voluissent.
873 2152 962 2238 Sed,
988 2160 1029 2224 ut
1051 2154 1235 2247 pontifices
1260 2169 1290 2219 ra

110 2270 245 2335 veteres
280 2270 422 2357 propter
455 2262 702 2334 sacrificiorum
737 2261 1003 2334 multitudinem
1039 2269 1109 2332 tres
1143 2261 1235 2335 viros

110 2372 281 2466 epulones
299 2396 374 2443 esse
391 2371 596 2457 voluerunt,
623 2396 735 2467 quum
760 2379 876 2443 essent
897 2372 965 2466 ipsi
990 2395 1011 2441 a
1034 2371 1170 2458 Numa,
1196 2381 1236 2444 ut

109 2482 218 2572 etiam
255 2480 345 2552 illud
381 2480 544 2552 ludorum
580 2481 721 2577 epulare
746 2480 954 2552 sacrifici-um
980 2480 1153 2567 lacerent,
1179 2481 1233 2553 in·

110 2586 245 2676 stituti3
283 2589 332 2661 sic
362 2590 569 2661 Socraticis
593 2614 629 2661 se
653 2613 837 2661 causarum
861 2596 1012 2675 actores,
1040 2598 1075 2661 et
1097 2615 1118 2661 a
1142 2615 1234 2663 oom-

109 2700 212 2772 muni
236 2698 479 2796 philosophiae
504 2699 646 2771 nomine
672 2706 939 2795 separaverunt,
967 2723 1076 2794 quum
1101 2708 1233 2773 veteres
1268 2772 1298 2818 Q

109 2810 253 2883 dicendi
285 2817 320 2881 et
355 2808 579 2904 intelligendi
614 2809 797 2882 mirificam
833 2808 1032 2882 societatem
1051 2835 1140 2883 csse
1176 2834 1233 2880 vo·
1277 2849 1302 2885 ι,

629 2891 781 2914 Μ

110 2920 272 2992 luissent.
1032 2955 1110 3000 ma
1136 2929 1323 2997 ,pe-w,
1380 2913 1435 2962 vu

109 3174 176 3219 iores
187 3172 345 3230 sapientiam.
364 3172 412 3218 Hic
425 3171 514 3222 iterum
526 3175 647 3222 nonnulla
697 3175 777 3223 Latini
791 3175 868 3233 ratio,
882 3178 911 3222 ut
922 3189 1003 3236 neque
1015 3174 1232 3238 historicosapoe·

108 3262 240 3310 perperam
267 3248 411 3310 interposita
431 3255 500 3309 sunt,
521 3256 647 3314 tamquam
694 3252 734 3301 tis.
769 3253 835 3316 Quid
856 3267 931 3314 porro
951 3253 997 3301 ists
1018 3252 1064 3302 sibi
1083 3254 1187 3312 volunt,
1208 3257 1234 3301 et

108 3327 248 3389 explicandi
263 3328 381 3385 consilio,
394 3329 438 3376 sed
452 3344 515 3391 quae
527 3345 577 3379 non
591 3335 647 3378 tau·
695 3330 808 3392 deinceps
821 3346 837 3378 a
852 3331 985 3379 Socraticis
995 3333 1055 3378 item
1067 3333 1193 3380 omnibns?
1207 3334 1232 3381 in

107 3410 159 3454 ium
180 3405 288 3470 putida,
305 3405 349 3453 sed
369 3407 442 3454 etiam
455 3409 542 3457 inscite
556 3410 647 3470 scripta
695 3408 784 3469 quibus
804 3410 864 3456 item
884 3423 1016 3470 perperam
1036 3410 1149 3470 ponitur,
1164 3411 1233 3471 quasi

108 3499 160 3533 esse
181 3484 243 3531 mibi
256 3484 382 3532 videntur.
416 3485 529 3545 Etenim,
544 3487 646 3535 servatis
694 3486 758 3544 hoc,
780 3488 846 3548 quod
867 3487 969 3544 dicitur,
990 3493 1089 3548 praeter
1106 3494 1232 3548 exspecta-

108 3563 157 3619 his,
172 3561 301 3610 dissociati
314 3579 328 3610 a
344 3561 444 3611 Socrate
458 3564 547 3612 diserti
560 3581 575 3612 a
589 3567 645 3614 doc·
694 3567 787 3614 tionem
801 3566 934 3624 accideret,
948 3565 1054 3626 ideoque
1068 3567 1100 3614 de
1112 3567 1233 3615 industria

109 3642 153 3698 iis,
171 3641 265 3688 orietur
282 3641 389 3702 primum
403 3642 466 3700 hoc,
481 3647 509 3690 ut
522 3643 646 3705 passivum
694 3643 883 3706 significandum
904 3648 977 3692 esset.
1012 3645 1061 3692 Sed
1081 3645 1163 3693 omnia
1186 3646 1232 3694 ista

108 3720 236 3767 dissociari
248 3717 286 3767 bis
300 3733 356 3766 eum
371 3721 461 3781 Praep.
474 3721 504 3768 ab
517 3726 644 3770 construa-
695 3722 751 3770 ideo
764 3736 863 3782 quoque
875 3720 1021 3778 abiicienda,
1035 3723 1151 3782 quoniam
1159 3723 1232 3771 Cras·

108 3803 159 3854 tur3
179 3802 250 3855 tum,
272 3798 339 3858 quod
358 3799 459 3846 minime
480 3800 590 3848 omnium
606 3801 644 3848 ie·
695 3814 735 3848 sus
755 3801 804 3847 iam
825 3800 921 3847 dixerat
941 3814 1017 3860 usqae
1037 3801 1071 3847 ad
1091 3801 1231 3860 Socratem,

108 3877 213 3924 rendum
227 3879 278 3933 est,
298 3880 324 3923 ut
338 3876 391 3937 quis
405 3876 500 3924 dicatur
514 3877 647 3926 dissociare
694 3892 775 3938 neque
789 3878 911 3926 addidisse
926 3878 1102 3926 existimandus
1116 3884 1153 3927 est
1166 3895 1181 3925 a
1190 3879 1232 3928 So-

109 3957 214 4016 atiqaem
234 3955 375 4016 abaliquo.
416 3954 490 4003 Verbi
511 3955 579 4004 istius
600 3953 645 4004 ob·
694 3957 772 4012 erate,
787 3962 812 4003 et
826 3955 1233 4016 aamepsasacrattetsamaiow

108 4033 214 4090 iccium,
229 4033 296 4092 quod
310 4032 408 4090 dicitur,
423 4033 475 4080 lieri
490 4035 646 4082 nullomodo
693 4034 719 4082 in
747 4032 835 4095 quibus
857 4035 905 4082 hoe
926 4048 1024 4094 quoque
1044 4035 1158 4083 vitiosum
1179 4034 1245 4091 est,'

109 4117 188 4172 potest
205 4111 272 4159 utin
287 4111 390 4174 singulis
404 4111 535 4170 velrebus,
550 4113 645 4160 velho-
694 4113 761 4174 quod
788 4113 903 4173 deinceps
925 4113 1040 4173 ponitur,
1061 4118 1186 4174 tamquam
1206 4115 1233 4161 in

109 4189 214 4237 minibus
234 4189 280 4244 sit,
305 4189 350 4236 sed
370 4190 473 4251 requirit
491 4192 588 4253 plures,
604 4192 644 4252 qui
694 4190 862 4248 successione,
876 4192 902 4238 in
916 4190 1016 4249 ordine,
1031 4191 1080 4239 hoc
1092 4191 1232 4239 factumes-

109 4269 173 4315 iater
193 4283 220 4315 se
240 4266 419 4315 dissocientur:
442 4268 512 4317 sicuti
527 4269 576 4317 alio
589 4269 645 4316 loco
694 4274 746 4326 set;
766 4269 835 4326 ium,
857 4269 924 4330 quod
945 4269 1127 4318 Socraticorum
1141 4284 1232 4318 nomen

109 4347 194 4395 Cicero
222 4345 284 4394 dixit
310 4346 443 4394 dissociare
463 4348 599 4403 amicitias,
621 4352 646 4396 ei
694 4351 899 4407 nunemmqusm
913 4352 995 4396 certae
1009 4348 1109 4395 scholae
1123 4347 1232 4408 ponitur.

8 4435 10 4444 ’
109 4427 182 4474 Corn.
218 4425 302 4485 Nepos
316 4427 369 4474 An.
384 4427 424 4482 II,
439 4425 578 4473 dissociatis
591 4427 644 4472 ani·
695 4425 805 4474 conficio
820 4426 887 4482 hinc,
905 4425 982 4474 verba
995 4440 1011 4472 a
1025 4425 1233 4475 Socrate—item

108 4505 153 4551 mis
169 4504 268 4550 maiam.
304 4503 352 4550 Sed
367 4503 472 4552 disertos
485 4503 618 4551 dissociare
630 4518 646 4550 a
694 4505 804 4551 omnibus
817 4504 966 4565 interpolata
980 4518 1042 4552 esse.

108 4581 185 4628 doctis
200 4586 227 4628 ui
241 4581 350 4640 dicatur,
366 4596 416 4629 non
428 4582 520 4644 patitur
527 4582 646 4631 sermonis
728 4583 767 4632 73.
786 4583 926 4644 mirificam.
945 4585 1000 4631 Hoc
1015 4583 1139 4643 Kayserus
1152 4583 1233 4635 iuclu.

1009 4670 1040 4716 20
