3242 5500
382 534 451 601 290
722 552 836 601 susan
862 552 1033 604 rasurus.
1062 537 1079 617 §
1104 536 1163 606 47.

379 725 610 821 prehendere;
638 726 804 821 quoniam
828 724 1005 797 Antonius
1027 725 1115 797 mihi
1133 736 1168 797 te
1181 724 1404 797 simillimum
1416 725 1502 798 dixit

380 834 448 907 sibi
483 834 603 907 videri.
651 836 742 907 Tum
766 834 826 906 ille
857 843 935 907 tum
959 835 1054 930 quod
1078 834 1217 906 monuit
1238 833 1354 919 idem,
1380 842 1421 905 ut
1445 860 1500 921 ea,

380 968 469 1039 quae
505 946 541 1016 in
579 968 719 1040 quoque
751 945 905 1016 maxima
936 951 1073 1029 essent,
1102 944 1332 1016 imitaremur:
1368 968 1412 1015 ex
1433 969 1501 1040 quo

377 1077 512 1140 vereor,
534 1078 579 1125 ne
603 1054 693 1126 nihil
716 1054 782 1127 sim
806 1054 877 1140 tui,
901 1054 969 1125 nisi
994 1054 1256 1149 supplosionem
1277 1053 1399 1148 pedis,
1424 1054 1500 1125 imi-

378 1171 492 1249 tatus,
529 1171 563 1236 et
600 1188 710 1260 pauca
735 1163 906 1259 quaedam
931 1162 1056 1249 verba,
1081 1171 1117 1235 et
1140 1162 1313 1257 aliquem,
1338 1164 1370 1234 si
1392 1162 1499 1248 forte,

378 1280 525 1345 motum.
576 1272 671 1368 Ergo
695 1274 782 1359 ista,
807 1272 924 1367 inquit
950 1272 1117 1359 Crassus,
1140 1296 1229 1367 quae
1254 1269 1362 1343 habes
1387 1296 1410 1343 a
1433 1296 1500 1357 me,

379 1406 449 1453 non
483 1382 720 1478 reprehende,
752 1405 797 1452 ne
831 1406 889 1453 me
925 1382 1042 1476 ipsum
1066 1381 1230 1453 irrideam
1258 1384 1357 1467 (suut
1383 1392 1500 1454 autem

378 1515 455 1563 mea
489 1493 602 1563 multo
637 1500 672 1563 et
705 1490 826 1587 plura,
864 1498 897 1561 et
931 1491 1083 1577 maiora,
1116 1514 1222 1585 quam
1255 1489 1378 1576 diois):
1413 1515 1501 1585 quae

377 1608 494 1673 autern
529 1609 610 1673 sunt
645 1609 707 1673 aut
743 1608 805 1672 tua
841 1599 966 1695 plane,
999 1608 1061 1671 aut
1090 1600 1285 1682 imitatione
1316 1624 1360 1670 ex
1383 1600 1500 1696 aliquo

376 1732 558 1805 expressa,
591 1710 700 1781 deiis
724 1718 778 1795 te,
805 1709 836 1780 si
861 1709 922 1804 qui
945 1734 1001 1780 me
1023 1709 1112 1781 forte
1134 1710 1231 1781 loeus
1253 1708 1498 1795 admonuerit,

375 1818 613 1891 commonebo
1370 1841 1373 1843 ’

304 1936 348 2005 13
422 1927 684 2000 Praetereamus
706 1928 819 2023 igitur
840 1935 1025 2023 praecepta
1046 1927 1173 1999 Latine
1197 1926 1385 2022 loquendi,
1411 1952 1499 2023 quae

318 2062 349 2107 ss
374 2037 519 2132 puerilis
553 2038 711 2110 doctrina
748 2036 875 2123 tradit,
908 2045 943 2110 et
978 2036 1138 2109 subtilior
1164 2036 1321 2131 cognitio
1345 2060 1388 2108 ao
1411 2038 1499 2108 ratio

374 2146 571 2233 literarum,
595 2146 656 2219 alit
684 2142 777 2241 [aut]
804 2146 1022 2219 consuetudo
1044 2146 1214 2217 sermonis
1239 2146 1440 2241 quotidiani
1461 2172 1499 2219 ac

374 2256 578 2343 domestici,
604 2255 686 2328 libri
708 2256 937 2341 confirmant,
963 2263 999 2327 et
1019 2255 1124 2327 lectio
1147 2263 1303 2327 veterum
1320 2265 1497 2327 oratorum

374 2373 409 2437 et
443 2375 634 2461 poetarum.
687 2366 813 2461 Neque
849 2389 929 2436 vero
963 2365 999 2437 in
1025 2365 1087 2437 illo
1109 2364 1216 2436 altero
1240 2364 1379 2437 diutius
1403 2390 1496 2437 com·

372 2498 569 2561 moremur,
599 2470 655 2570 [ut
677 2474 898 2570 disputemus
909 2469 936 2569 ,l
965 2473 1095 2570 quibus
1119 2473 1224 2545 rebus
1249 2475 1393 2569 assequi
1417 2500 1495 2570 pos·

315 2602 346 2647 4⁹
373 2584 502 2670 simus,
550 2592 591 2657 ut
628 2608 688 2669 ea,
727 2608 817 2678 quae
852 2584 1031 2669 dicamus,
1065 2582 1329 2678 intelligantur:
1368 2583 1497 2656 Latine

372 2694 504 2767 seilicet
529 2693 698 2780 dicendo,
724 2692 840 2766 verbis
864 2693 1004 2766 usitatis
1029 2717 1069 2766 ao
1092 2692 1232 2789 proprie
1249 2692 1494 2767 demonstran-

368 2802 464 2875 tibus
499 2829 559 2890 ea,
598 2827 687 2900 quae
724 2803 915 2899 significari
949 2827 988 2874 ac
1021 2801 1188 2874 declarari
1213 2803 1393 2889 volemuS,
1422 2805 1496 2876 sine

370 2912 537 3008 ambiguo
573 2912 679 2985 verbo
716 2923 777 2984 aut
814 2936 994 2997 sermone,
1025 2935 1096 2984 nou
1120 2911 1226 2983 nimis
1251 2911 1357 3006 longa
1382 2915 1493 2985 conti-

370 3022 538 3094 nuatione
569 3021 774 3107 verborum,
813 3046 884 3093 non
910 3021 1012 3092 valde
1036 3021 1216 3117 productis
1241 3021 1305 3106 iis,
1332 3047 1427 3118 quae
1449 3025 1493 3094 si·

369 3130 579 3202 militudinis
601 3119 704 3203 causa
727 3155 770 3202 ex
794 3132 873 3203 aliis
896 3130 1002 3202 rebus
1023 3130 1303 3215 transferuntur,
1330 3154 1406 3202 non
1424 3132 1493 3203 dis·

368 3241 496 3335 cerptis
533 3240 738 3326 sententiis,
775 3264 847 3312 non
879 3239 1110 3336 praeposteris
1145 3239 1387 3335 temporibus,
1423 3265 1493 3312 non

365 3483 427 3542 bus,
455 3483 568 3545 quoniam
594 3483 697 3530 monuit.
739 3482 824 3530 Potius
851 3495 904 3531 esse
953 3480 1104 3529 lunationem
1117 3481 1163 3527 urst
1176 3479 1234 3527 hine
1247 3478 1426 3528 alienissimam
1434 3496 1493 3538 csse,

365 3561 487 3619 existimo,
502 3560 903 3622 utrecusurevolueritSulpieius,
952 3564 1006 3607 tum
1024 3556 1103 3606 verba
1123 3557 1211 3605 melius
1230 3571 1284 3606 esse
1299 3557 1493 3622 distinguenda,

366 3640 432 3702 quod
454 3641 555 3688 Crassus
569 3639 679 3696 dixerat,
698 3652 754 3688 eum
768 3638 814 3688 sibi
827 3638 902 3687 simil-
939 3637 985 3684 xita
1005 3641 1034 3684 ut
1052 3636 1121 3683 ratio
1133 3640 1159 3683 et
1172 3636 1320 3683 consuetudo
1331 3636 1402 3685 inter
1414 3652 1444 3686 se
1456 3639 1493 3686 di·

365 3719 450 3766 limum
472 3718 581 3767 Antonio
602 3716 690 3766 videri.
727 3717 787 3764 Ideo
807 3722 904 3773 servata
951 3715 1121 3778 stinguantur,
1135 3712 1359 3773 stannaturae
1375 3719 1438 3766 258.

365 3800 390 3856 et
411 3795 525 3857 suppleta
546 3793 666 3843 librorum
680 3794 802 3852 lectione,
817 3795 853 3842 sic
865 3796 902 3843 le·
986 3793 1029 3854 [ut
1052 3792 1228 3853 dispiciemus}
1268 3795 1339 3840 Haec
1358 3795 1493 3843 manifesto

365 3875 489 3938 gendum,
511 3869 564 3922 tum
581 3875 638 3931 itte,
654 3872 720 3926 Quid
732 3874 797 3934 quod
808 3874 904 3921 monuit
951 3875 1009 3919 sunt
1020 3870 1177 3932 interpretis,
1196 3869 1240 3931 qui
1251 3869 1314 3918 illud
1327 3871 1355 3918 iu
1368 3873 1416 3920 illo
1430 3888 1492 3922 com·

364 3953 429 4000 idem
442 3979 489 4009 -,
505 3966 610 4013 quorum
623 3950 757 4000 verborum
771 3951 834 4000 haec
844 3957 902 4014 apta
949 3950 1044 3996 morari
1060 3948 1205 4010 explicaret.

364 4029 485 4078 sententie
506 4033 558 4088 est,
586 4029 655 4090 quasi
675 4028 742 4076 dicat
762 4028 900 4088 Sulpicius,
983 4028 1035 4087 quse
1054 4028 1104 4075 ille.
1139 4028 1215 4076 Pron.
1235 4026 1326 4088 mech.
1340 4029 1360 4075 1.
1375 4030 1493 4090 qusside

364 4121 437 4168 quum
457 4121 508 4155 non
522 4107 660 4156 simillimus
673 4107 710 4156 tui
723 4105 784 4164 sim,
798 4109 903 4167 apparet
949 4104 1050 4153 domino
1064 4120 1152 4154 musae
1168 4105 1279 4166 ponitur.

363 4199 394 4234 ex
408 4185 455 4233 huc
469 4183 569 4234 Antonii
584 4184 758 4234 admonitione.
983 4184 1023 4231 50.
1041 4186 1076 4231 ut.
1084 4211 1118 4219 —
1130 4185 1179 4244 ipsi
1191 4183 1238 4230 sits·
1251 4185 1278 4230 ia
1284 4182 1491 4233 dieendoobetre·

396 4277 428 4311 ea
447 4265 667 4325 uliquoecpressa.
703 4262 900 4325 corrigendum,
943 4275 1006 4322 pere
1032 4262 1171 4310 uideuatur.
1212 4261 1336 4320 Quoniam
1357 4265 1492 4313 manifesto

362 4355 394 4389 eu
414 4342 475 4398 atio,
497 4342 564 4402 quod
576 4340 679 4401 requirit
692 4341 833 4402 oppositum
847 4344 899 4388 tua.
948 4339 996 4387 hoc
1010 4340 1079 4398 vult,
1093 4340 1153 4389 istos
1166 4354 1196 4388 eo
1209 4339 1278 4402 ipso,
1298 4341 1367 4403 quod
1379 4348 1435 4390 tam
1448 4342 1493 4391 ob-

362 4421 449 4481 Neque
465 4421 556 4481 uliquis
569 4419 604 4468 sic
618 4419 684 4467 nude
698 4419 746 4466 dici
760 4420 832 4468 solet.
947 4432 1018 4467 some
1033 4419 1124 4477 dicant,
1141 4417 1188 4468 sibi
1202 4419 1492 4480 quodammodoobstre-

395 4499 437 4545 48.
454 4497 501 4544 alit
519 4497 588 4560 [aut]
604 4497 761 4546 cousuetudo.
795 4498 899 4545 Secutus
947 4510 1007 4557 pere
1019 4497 1114 4556 videri,
1136 4495 1233 4546 sublata
1246 4499 1366 4559 Praepos.
1381 4501 1427 4558 tn,
1441 4515 1494 4549 ser-

362 4579 398 4623 est
410 4589 449 4622 me
458 4575 591 4635 Kayserus,
607 4590 682 4636 quum
691 4574 815 4632 dixissem,
831 4575 897 4623 Con·
946 4575 1056 4622 vandum
1070 4579 1108 4623 est
1121 4576 1230 4624 dicendo.
