<?xml version="1.0" encoding="UTF-8"?>
<!DOCTYPE html PUBLIC "-//W3C//DTD XHTML 1.0 Transitional//EN"
    "http://www.w3.org/TR/xhtml1/DTD/xhtml1-transitional.dtd">
<html xmlns="http://www.w3.org/1999/xhtml" xml:lang="en" lang="en">
 <head>
  <title>
</title>
<meta http-equiv="Content-Type" content="text/html;charset=utf-8" />
  <meta name='ocr-system' content='tesseract 3.04.00' />
  <meta name='ocr-capabilities' content='ocr_page ocr_carea ocr_par ocr_line ocrx_word'/>
</head>
<body>
  <div class='ocr_page' id='page_1' title='image "./mtulliiciceroni01bakegoog_0122.png"; bbox 0 0 3242 5500; ppageno 0'>
   <div class='ocr_carea' id='block_1_1' title="bbox 355 510 1141 593">
    <p class='ocr_par' dir='ltr' id='par_1_1' title="bbox 355 510 1141 593">
     <span class='ocr_line' id='line_1_1' title="bbox 355 510 1141 593; baseline -0.005 -10"><span class='ocrx_word' id='word_1_1' title='bbox 355 516 423 586; x_wconf 77' lang='lat'>102</span> <span class='ocrx_word' id='word_1_2' title='bbox 694 530 807 582; x_wconf 76' lang='lat' dir='ltr'>mana</span> <span class='ocrx_word' id='word_1_3' title='bbox 834 532 985 581; x_wconf 79' lang='lat' dir='ltr'>ramos.</span> <span class='ocrx_word' id='word_1_4' title='bbox 1013 512 1032 593; x_wconf 78' lang='lat' dir='ltr'>S</span> <span class='ocrx_word' id='word_1_5' title='bbox 1058 510 1141 581; x_wconf 77' lang='lat'><strong>232.</strong></span> 
     </span>
    </p>
   </div>
   <div class='ocr_carea' id='block_1_2' title="bbox 282 700 1477 2766">
    <p class='ocr_par' dir='ltr' id='par_1_2' title="bbox 349 700 1475 1566">
     <span class='ocr_line' id='line_1_2' title="bbox 352 700 1472 796; baseline -0.003 -19"><span class='ocrx_word' id='word_1_6' title='bbox 352 706 448 779; x_wconf 90' lang='lat' dir='ltr'>enim</span> <span class='ocrx_word' id='word_1_7' title='bbox 472 702 643 790; x_wconf 88' lang='lat' dir='ltr'>Athenis,</span> <span class='ocrx_word' id='word_1_8' title='bbox 670 726 729 775; x_wconf 90' lang='lat' dir='ltr'>reo</span> <span class='ocrx_word' id='word_1_9' title='bbox 754 702 941 789; x_wconf 89' lang='lat' dir='ltr'>damnato,</span> <span class='ocrx_word' id='word_1_10' title='bbox 968 702 998 775; x_wconf 88' lang='lat' dir='ltr'>si</span> <span class='ocrx_word' id='word_1_11' title='bbox 1023 702 1118 775; x_wconf 87' lang='lat' dir='ltr'>fraus</span> <span class='ocrx_word' id='word_1_12' title='bbox 1142 700 1302 796; x_wconf 88' lang='lat' dir='ltr'>capitalis</span> <span class='ocrx_word' id='word_1_13' title='bbox 1327 725 1399 773; x_wconf 93' lang='lat' dir='ltr'>non</span> <span class='ocrx_word' id='word_1_14' title='bbox 1420 728 1472 774; x_wconf 86' lang='lat' dir='ltr'>es-</span> 
     </span>
     <span class='ocr_line' id='line_1_3' title="bbox 353 810 1472 909; baseline -0.004 -21"><span class='ocrx_word' id='word_1_15' title='bbox 353 823 425 901; x_wconf 84' lang='lat' dir='ltr'>set,</span> <span class='ocrx_word' id='word_1_16' title='bbox 464 812 566 909; x_wconf 87' lang='lat' dir='ltr'>quasi</span> <span class='ocrx_word' id='word_1_17' title='bbox 607 834 740 908; x_wconf 89' lang='lat' dir='ltr'>poenae</span> <span class='ocrx_word' id='word_1_18' title='bbox 764 810 979 899; x_wconf 88' lang='lat' dir='ltr'>aestimatio,</span> <span class='ocrx_word' id='word_1_19' title='bbox 1013 818 1049 883; x_wconf 91' lang='lat' dir='ltr'>et</span> <span class='ocrx_word' id='word_1_20' title='bbox 1079 810 1251 883; x_wconf 90' lang='lat' dir='ltr'>sententia</span> <span class='ocrx_word' id='word_1_21' title='bbox 1284 834 1396 907; x_wconf 91' lang='lat' dir='ltr'>quum</span> <span class='ocrx_word' id='word_1_22' title='bbox 1419 812 1472 883; x_wconf 92' lang='lat' dir='ltr'>iu-</span> 
     </span>
     <span class='ocr_line' id='line_1_4' title="bbox 353 916 1475 1017; baseline -0.004 -20"><span class='ocrx_word' id='word_1_23' title='bbox 353 923 491 997; x_wconf 87' lang='lat' dir='ltr'>dicibus</span> <span class='ocrx_word' id='word_1_24' title='bbox 535 922 698 1008; x_wconf 87' lang='lat' dir='ltr'>daretur,</span> <span class='ocrx_word' id='word_1_25' title='bbox 741 919 1024 1017; x_wconf 78' lang='lat' dir='ltr'>interrogabatur</span> <span class='ocrx_word' id='word_1_26' title='bbox 1064 945 1165 1007; x_wconf 89' lang='lat' dir='ltr'>reus,</span> <span class='ocrx_word' id='word_1_27' title='bbox 1207 945 1313 1016; x_wconf 89' lang='lat' dir='ltr'>quam</span> <span class='ocrx_word' id='word_1_28' title='bbox 1358 916 1475 1017; x_wconf 84' lang='lat' dir='ltr'>[quasi</span> 
     </span>
     <span class='ocr_line' id='line_1_5' title="bbox 351 1026 1472 1126; baseline -0.002 -21"><span class='ocrx_word' id='word_1_29' title='bbox 351 1026 643 1126; x_wconf 83' lang='lat' dir='ltr'><strong>aestimationem]</strong></span> <span class='ocrx_word' id='word_1_30' title='bbox 682 1031 930 1106; x_wconf 77' lang='lat' dir='ltr'>commeruisse</span> <span class='ocrx_word' id='word_1_31' title='bbox 968 1055 1004 1103; x_wconf 90' lang='lat' dir='ltr'>se</span> <span class='ocrx_word' id='word_1_32' title='bbox 1041 1031 1193 1107; x_wconf 79' lang='lat' dir='ltr'>maxime</span> <span class='ocrx_word' id='word_1_33' title='bbox 1228 1031 1472 1103; x_wconf 88' lang='lat' dir='ltr'>confiteretur:</span> 
     </span>
     <span class='ocr_line' id='line_1_6' title="bbox 352 1128 1475 1239; baseline -0.002 -26"><span class='ocrx_word' id='word_1_34' title='bbox 352 1142 583 1239; x_wconf 84' lang='lat' dir='ltr'>quodquam</span> <span class='ocrx_word' id='word_1_35' title='bbox 608 1128 845 1236; x_wconf 82' lang='lat' dir='ltr'>interrogatus</span> <span class='ocrx_word' id='word_1_36' title='bbox 865 1140 1146 1227; x_wconf 86' lang='lat' dir='ltr'>Socratosesset,</span> <span class='ocrx_word' id='word_1_37' title='bbox 1172 1139 1374 1235; x_wconf 80' lang='lat' dir='ltr'>respondit,</span> <span class='ocrx_word' id='word_1_38' title='bbox 1400 1164 1475 1211; x_wconf 89' lang='lat' dir='ltr'>sese</span> 
     </span>
     <span class='ocr_line' id='line_1_7' title="bbox 352 1247 1475 1345; baseline -0.004 -21"><span class='ocrx_word' id='word_1_39' title='bbox 352 1251 541 1337; x_wconf 87' lang='lat' dir='ltr'>meruisse,</span> <span class='ocrx_word' id='word_1_40' title='bbox 568 1257 608 1322; x_wconf 89' lang='lat' dir='ltr'>ut</span> <span class='ocrx_word' id='word_1_41' title='bbox 632 1248 860 1345; x_wconf 83' lang='lat' dir='ltr'>amplissimis</span> <span class='ocrx_word' id='word_1_42' title='bbox 884 1247 1077 1323; x_wconf 88' lang='lat' dir='ltr'>honoribus</span> <span class='ocrx_word' id='word_1_43' title='bbox 1102 1256 1137 1322; x_wconf 88' lang='lat' dir='ltr'>et</span> <span class='ocrx_word' id='word_1_44' title='bbox 1157 1249 1323 1345; x_wconf 87' lang='lat' dir='ltr'>praemiis</span> <span class='ocrx_word' id='word_1_45' title='bbox 1336 1249 1475 1320; x_wconf 88' lang='lat' dir='ltr'>decora-</span> 
     </span>
     <span class='ocr_line' id='line_1_8' title="bbox 349 1357 1474 1454; baseline -0.004 -21"><span class='ocrx_word' id='word_1_46' title='bbox 349 1368 465 1446; x_wconf 87' lang='lat' dir='ltr'>retur,</span> <span class='ocrx_word' id='word_1_47' title='bbox 499 1367 534 1432; x_wconf 88' lang='lat' dir='ltr'>et</span> <span class='ocrx_word' id='word_1_48' title='bbox 557 1367 598 1432; x_wconf 88' lang='lat' dir='ltr'>ut</span> <span class='ocrx_word' id='word_1_49' title='bbox 622 1359 655 1431; x_wconf 90' lang='lat' dir='ltr'>ei</span> <span class='ocrx_word' id='word_1_50' title='bbox 677 1358 790 1432; x_wconf 88' lang='lat' dir='ltr'>victus</span> <span class='ocrx_word' id='word_1_51' title='bbox 817 1358 1045 1454; x_wconf 90' lang='lat' dir='ltr'>quotidianus</span> <span class='ocrx_word' id='word_1_52' title='bbox 1070 1358 1107 1433; x_wconf 90' lang='lat' dir='ltr'>in</span> <span class='ocrx_word' id='word_1_53' title='bbox 1132 1358 1306 1453; x_wconf 82' lang='lat' dir='ltr'>Prytaneo</span> <span class='ocrx_word' id='word_1_54' title='bbox 1331 1357 1474 1453; x_wconf 89' lang='lat' dir='ltr'>publice</span> 
     </span>
     <span class='ocr_line' id='line_1_9' title="bbox 349 1466 1473 1566; baseline -0.003 -26"><span class='ocrx_word' id='word_1_55' title='bbox 349 1468 590 1566; x_wconf 88' lang='lat' dir='ltr'>praeberetur;</span> <span class='ocrx_word' id='word_1_56' title='bbox 618 1468 681 1563; x_wconf 92' lang='lat' dir='ltr'>qui</span> <span class='ocrx_word' id='word_1_57' title='bbox 705 1467 817 1540; x_wconf 85' lang='lat' dir='ltr'>honos</span> <span class='ocrx_word' id='word_1_58' title='bbox 842 1468 938 1564; x_wconf 90' lang='lat' dir='ltr'>apud</span> <span class='ocrx_word' id='word_1_59' title='bbox 958 1469 1109 1540; x_wconf 89' lang='lat' dir='ltr'>Graecos</span> <span class='ocrx_word' id='word_1_60' title='bbox 1121 1468 1298 1539; x_wconf 82' lang='lat' dir='ltr'>maximus</span> <span class='ocrx_word' id='word_1_61' title='bbox 1311 1466 1473 1542; x_wconf 85' lang='lat' dir='ltr'>habetur.</span> 
     </span>
    </p>

    <p class='ocr_par' dir='ltr' id='par_1_3' title="bbox 282 1576 1477 2766">
     <span class='ocr_line' id='line_1_10' title="bbox 282 1576 1474 1674; baseline 0.003 -31"><span class='ocrx_word' id='word_1_62' title='bbox 282 1598 327 1645; x_wconf 75' lang='lat' dir='ltr'>aaa</span> <span class='ocrx_word' id='word_1_63' title='bbox 354 1578 466 1651; x_wconf 87' lang='lat' dir='ltr'>Cuius</span> <span class='ocrx_word' id='word_1_64' title='bbox 495 1601 663 1673; x_wconf 87' lang='lat' dir='ltr'>responso</span> <span class='ocrx_word' id='word_1_65' title='bbox 693 1577 742 1649; x_wconf 87' lang='lat' dir='ltr'>sio</span> <span class='ocrx_word' id='word_1_66' title='bbox 770 1577 906 1649; x_wconf 90' lang='lat' dir='ltr'>iudices</span> <span class='ocrx_word' id='word_1_67' title='bbox 936 1585 1162 1664; x_wconf 84' lang='lat' dir='ltr'>exarserunt,</span> <span class='ocrx_word' id='word_1_68' title='bbox 1194 1583 1235 1648; x_wconf 89' lang='lat' dir='ltr'>ut</span> <span class='ocrx_word' id='word_1_69' title='bbox 1264 1576 1388 1674; x_wconf 87' lang='lat' dir='ltr'>capitis</span> <span class='ocrx_word' id='word_1_70' title='bbox 1414 1576 1474 1647; x_wconf 92' lang='lat' dir='ltr'>ho-</span> 
     </span>
     <span class='ocr_line' id='line_1_11' title="bbox 352 1684 1476 1781; baseline -0.001 -22"><span class='ocrx_word' id='word_1_71' title='bbox 352 1686 485 1759; x_wconf 89' lang='lat' dir='ltr'>minem</span> <span class='ocrx_word' id='word_1_72' title='bbox 509 1686 841 1759; x_wconf 85' lang='lat' dir='ltr'>innocantissimum</span> <span class='ocrx_word' id='word_1_73' title='bbox 865 1686 1157 1759; x_wconf 87' lang='lat' dir='ltr'>condemnarent:</span> <span class='ocrx_word' id='word_1_74' title='bbox 1190 1685 1252 1781; x_wconf 92' lang='lat' dir='ltr'>qui</span> <span class='ocrx_word' id='word_1_75' title='bbox 1276 1684 1423 1781; x_wconf 92' lang='lat' dir='ltr'>quidem</span> <span class='ocrx_word' id='word_1_76' title='bbox 1447 1687 1476 1759; x_wconf 91' lang='lat' dir='ltr'>si</span> 
     </span>
     <span class='ocr_line' id='line_1_12' title="bbox 353 1793 1477 1891; baseline -0.002 -24"><span class='ocrx_word' id='word_1_77' title='bbox 353 1794 536 1867; x_wconf 85' lang='lat' dir='ltr'>absolutus</span> <span class='ocrx_word' id='word_1_78' title='bbox 570 1803 661 1868; x_wconf 88' lang='lat' dir='ltr'>esset</span> <span class='ocrx_word' id='word_1_79' title='bbox 699 1795 809 1891; x_wconf 90' lang='lat' dir='ltr'>(quod</span> <span class='ocrx_word' id='word_1_80' title='bbox 840 1795 1059 1881; x_wconf 80' lang='lat' dir='ltr'>mehercule,</span> <span class='ocrx_word' id='word_1_81' title='bbox 1086 1796 1224 1869; x_wconf 90' lang='lat' dir='ltr'>etiamsi</span> <span class='ocrx_word' id='word_1_82' title='bbox 1248 1793 1338 1867; x_wconf 90' lang='lat' dir='ltr'>nihil</span> <span class='ocrx_word' id='word_1_83' title='bbox 1355 1795 1477 1870; x_wconf 87' lang='lat' dir='ltr'>adnos</span> 
     </span>
     <span class='ocr_line' id='line_1_13' title="bbox 351 1904 1475 2005; baseline -0.002 -28"><span class='ocrx_word' id='word_1_84' title='bbox 351 1905 521 2005; x_wconf 83' lang='lat' dir='ltr'>pertinet,</span> <span class='ocrx_word' id='word_1_85' title='bbox 547 1913 664 1979; x_wconf 89' lang='lat' dir='ltr'>tamen</span> <span class='ocrx_word' id='word_1_86' title='bbox 689 1912 833 2001; x_wconf 88' lang='lat' dir='ltr'>propter</span> <span class='ocrx_word' id='word_1_87' title='bbox 856 1906 932 1977; x_wconf 87' lang='lat' dir='ltr'>eius</span> <span class='ocrx_word' id='word_1_88' title='bbox 953 1904 1089 2000; x_wconf 85' lang='lat' dir='ltr'>ingenii</span> <span class='ocrx_word' id='word_1_89' title='bbox 1110 1904 1393 2000; x_wconf 85' lang='lat' dir='ltr'>magnitudinem</span> <span class='ocrx_word' id='word_1_90' title='bbox 1405 1904 1475 1976; x_wconf 88' lang='lat' dir='ltr'>vel-</span> 
     </span>
     <span class='ocr_line' id='line_1_14' title="bbox 351 2009 1475 2110; baseline -0.001 -24"><span class='ocrx_word' id='word_1_91' title='bbox 351 2014 458 2101; x_wconf 88' lang='lat' dir='ltr'>lem),</span> <span class='ocrx_word' id='word_1_92' title='bbox 498 2038 652 2109; x_wconf 91' lang='lat' dir='ltr'>quonam</span> <span class='ocrx_word' id='word_1_93' title='bbox 686 2014 791 2085; x_wconf 94' lang='lat' dir='ltr'>modo</span> <span class='ocrx_word' id='word_1_94' title='bbox 821 2014 908 2085; x_wconf 88' lang='lat' dir='ltr'>istos</span> <span class='ocrx_word' id='word_1_95' title='bbox 941 2009 1201 2110; x_wconf 80' lang='lat' dir='ltr'>[philosophos]</span> <span class='ocrx_word' id='word_1_96' title='bbox 1233 2014 1322 2085; x_wconf 87' lang='lat' dir='ltr'>ferre</span> <span class='ocrx_word' id='word_1_97' title='bbox 1351 2038 1475 2108; x_wconf 86' lang='lat' dir='ltr'>possu-</span> 
     </span>
     <span class='ocr_line' id='line_1_15' title="bbox 351 2122 1476 2219; baseline -0.001 -24"><span class='ocrx_word' id='word_1_98' title='bbox 351 2147 451 2209; x_wconf 77' lang='lat' dir='ltr'>muS,</span> <span class='ocrx_word' id='word_1_99' title='bbox 478 2124 540 2219; x_wconf 91' lang='lat' dir='ltr'>qui</span> <span class='ocrx_word' id='word_1_100' title='bbox 566 2147 682 2210; x_wconf 89' lang='lat' dir='ltr'>nuno,</span> <span class='ocrx_word' id='word_1_101' title='bbox 710 2148 821 2219; x_wconf 91' lang='lat' dir='ltr'>quum</span> <span class='ocrx_word' id='word_1_102' title='bbox 845 2123 906 2197; x_wconf 92' lang='lat' dir='ltr'>ille</span> <span class='ocrx_word' id='word_1_103' title='bbox 931 2123 1117 2195; x_wconf 88' lang='lat' dir='ltr'>damnatus</span> <span class='ocrx_word' id='word_1_104' title='bbox 1142 2130 1195 2195; x_wconf 90' lang='lat' dir='ltr'>est</span> <span class='ocrx_word' id='word_1_105' title='bbox 1219 2122 1354 2194; x_wconf 91' lang='lat' dir='ltr'>nullam</span> <span class='ocrx_word' id='word_1_106' title='bbox 1371 2122 1476 2194; x_wconf 88' lang='lat' dir='ltr'>aliam</span> 
     </span>
     <span class='ocr_line' id='line_1_16' title="bbox 350 2230 1477 2329; baseline -0.001 -24"><span class='ocrx_word' id='word_1_107' title='bbox 350 2230 395 2305; x_wconf 96' lang='lat' dir='ltr'>ob</span> <span class='ocrx_word' id='word_1_108' title='bbox 431 2233 590 2329; x_wconf 90' lang='lat' dir='ltr'>culpam,</span> <span class='ocrx_word' id='word_1_109' title='bbox 617 2232 687 2305; x_wconf 88' lang='lat' dir='ltr'>nisi</span> <span class='ocrx_word' id='word_1_110' title='bbox 711 2243 853 2329; x_wconf 87' lang='lat' dir='ltr'>propter</span> <span class='ocrx_word' id='word_1_111' title='bbox 878 2232 1019 2304; x_wconf 90' lang='lat' dir='ltr'>dicendi</span> <span class='ocrx_word' id='word_1_112' title='bbox 1045 2231 1285 2318; x_wconf 88' lang='lat' dir='ltr'>inscientiam,</span> <span class='ocrx_word' id='word_1_113' title='bbox 1311 2240 1477 2304; x_wconf 88' lang='lat' dir='ltr'>tamena</span> 
     </span>
     <span class='ocr_line' id='line_1_17' title="bbox 351 2340 1476 2437; baseline 0.003 -24"><span class='ocrx_word' id='word_1_114' title='bbox 351 2366 387 2413; x_wconf 87' lang='lat' dir='ltr'>se</span> <span class='ocrx_word' id='word_1_115' title='bbox 411 2350 569 2437; x_wconf 88' lang='lat' dir='ltr'>oportere</span> <span class='ocrx_word' id='word_1_116' title='bbox 593 2342 715 2415; x_wconf 86' lang='lat' dir='ltr'>dicunt</span> <span class='ocrx_word' id='word_1_117' title='bbox 739 2343 814 2437; x_wconf 89' lang='lat' dir='ltr'>peti</span> <span class='ocrx_word' id='word_1_118' title='bbox 838 2349 1023 2437; x_wconf 90' lang='lat' dir='ltr'>praecepta</span> <span class='ocrx_word' id='word_1_119' title='bbox 1047 2341 1215 2415; x_wconf 79' lang='lat' dir='ltr'>dicendi?</span> <span class='ocrx_word' id='word_1_120' title='bbox 1251 2340 1476 2417; x_wconf 85' lang='lat' dir='ltr'>Quibuscum</span> 
     </span>
     <span class='ocr_line' id='line_1_18' title="bbox 351 2451 1476 2547; baseline 0.002 -26"><span class='ocrx_word' id='word_1_121' title='bbox 351 2474 416 2545; x_wconf 89' lang='lat' dir='ltr'>ego</span> <span class='ocrx_word' id='word_1_122' title='bbox 452 2475 524 2522; x_wconf 92' lang='lat' dir='ltr'>non</span> <span class='ocrx_word' id='word_1_123' title='bbox 549 2475 690 2547; x_wconf 85' lang='lat' dir='ltr'>pugna,</span> <span class='ocrx_word' id='word_1_124' title='bbox 718 2459 840 2523; x_wconf 87' lang='lat' dir='ltr'>utrum</span> <span class='ocrx_word' id='word_1_125' title='bbox 866 2451 911 2523; x_wconf 90' lang='lat' dir='ltr'>sit</span> <span class='ocrx_word' id='word_1_126' title='bbox 935 2451 1063 2523; x_wconf 87' lang='lat' dir='ltr'>melius</span> <span class='ocrx_word' id='word_1_127' title='bbox 1087 2459 1149 2523; x_wconf 89' lang='lat' dir='ltr'>aut</span> <span class='ocrx_word' id='word_1_128' title='bbox 1174 2452 1308 2524; x_wconf 87' lang='lat' dir='ltr'>verius:</span> <span class='ocrx_word' id='word_1_129' title='bbox 1336 2459 1476 2523; x_wconf 87' lang='lat' dir='ltr'>tantum</span> 
     </span>
     <span class='ocr_line' id='line_1_19' title="bbox 352 2558 1477 2654; baseline -0.001 -23"><span class='ocrx_word' id='word_1_130' title='bbox 352 2558 449 2644; x_wconf 87' lang='lat' dir='ltr'>dioc,</span> <span class='ocrx_word' id='word_1_131' title='bbox 485 2568 518 2631; x_wconf 89' lang='lat' dir='ltr'>et</span> <span class='ocrx_word' id='word_1_132' title='bbox 549 2560 648 2632; x_wconf 89' lang='lat' dir='ltr'>aliud</span> <span class='ocrx_word' id='word_1_133' title='bbox 679 2559 769 2633; x_wconf 94' lang='lat' dir='ltr'>illud</span> <span class='ocrx_word' id='word_1_134' title='bbox 802 2584 878 2631; x_wconf 86' lang='lat' dir='ltr'>esse</span> <span class='ocrx_word' id='word_1_135' title='bbox 910 2568 1017 2654; x_wconf 87' lang='lat' dir='ltr'>atque</span> <span class='ocrx_word' id='word_1_136' title='bbox 1050 2559 1136 2647; x_wconf 94' lang='lat' dir='ltr'>hoc,</span> <span class='ocrx_word' id='word_1_137' title='bbox 1163 2569 1198 2634; x_wconf 91' lang='lat' dir='ltr'>et</span> <span class='ocrx_word' id='word_1_138' title='bbox 1223 2560 1288 2633; x_wconf 93' lang='lat' dir='ltr'>hoc</span> <span class='ocrx_word' id='word_1_139' title='bbox 1314 2562 1391 2634; x_wconf 89' lang='lat' dir='ltr'>sine</span> <span class='ocrx_word' id='word_1_140' title='bbox 1416 2560 1477 2631; x_wconf 89' lang='lat' dir='ltr'>illo</span> 
     </span>
     <span class='ocr_line' id='line_1_20' title="bbox 352 2694 769 2766; baseline 0.005 -25"><span class='ocrx_word' id='word_1_141' title='bbox 352 2694 531 2743; x_wconf 88' lang='lat' dir='ltr'>summum</span> <span class='ocrx_word' id='word_1_142' title='bbox 557 2694 632 2742; x_wconf 89' lang='lat' dir='ltr'>esse</span> <span class='ocrx_word' id='word_1_143' title='bbox 657 2694 769 2766; x_wconf 86' lang='lat' dir='ltr'>posse.</span> 
     </span>
    </p>
   </div>
   <div class='ocr_carea' id='block_1_3' title="bbox 75 2779 1572 3421">
    <p class='ocr_par' dir='ltr' id='par_1_4' title="bbox 276 2779 1476 3202">
     <span class='ocr_line' id='line_1_21' title="bbox 278 2779 1475 2877; baseline 0.001 -26"><span class='ocrx_word' id='word_1_144' title='bbox 278 2793 322 2861; x_wconf 84' lang='lat'>55</span> <span class='ocrx_word' id='word_1_145' title='bbox 399 2780 492 2852; x_wconf 92' lang='lat' dir='ltr'>Nam</span> <span class='ocrx_word' id='word_1_146' title='bbox 528 2781 624 2877; x_wconf 89' lang='lat' dir='ltr'>quod</span> <span class='ocrx_word' id='word_1_147' title='bbox 652 2781 708 2853; x_wconf 86' lang='lat' dir='ltr'>ius</span> <span class='ocrx_word' id='word_1_148' title='bbox 732 2779 855 2866; x_wconf 88' lang='lat' dir='ltr'>civile,</span> <span class='ocrx_word' id='word_1_149' title='bbox 883 2779 1027 2865; x_wconf 86' lang='lat' dir='ltr'>Crasse,</span> <span class='ocrx_word' id='word_1_150' title='bbox 1054 2787 1128 2851; x_wconf 90' lang='lat' dir='ltr'>tam</span> <span class='ocrx_word' id='word_1_151' title='bbox 1153 2779 1379 2854; x_wconf 87' lang='lat' dir='ltr'>vehementer</span> <span class='ocrx_word' id='word_1_152' title='bbox 1401 2806 1475 2854; x_wconf 90' lang='lat' dir='ltr'>am-</span> 
     </span>
     <span class='ocr_line' id='line_1_22' title="bbox 276 2883 1475 2986; baseline -0.003 -21"><span class='ocrx_word' id='word_1_153' title='bbox 276 2919 325 2965; x_wconf 75' lang='lat' dir='ltr'>aaa</span> <span class='ocrx_word' id='word_1_154' title='bbox 349 2888 474 2984; x_wconf 85' lang='lat' dir='ltr'>plexus</span> <span class='ocrx_word' id='word_1_155' title='bbox 507 2914 563 2976; x_wconf 89' lang='lat' dir='ltr'>es,</span> <span class='ocrx_word' id='word_1_156' title='bbox 600 2890 701 2962; x_wconf 88' lang='lat' dir='ltr'>video</span> <span class='ocrx_word' id='word_1_157' title='bbox 734 2889 822 2986; x_wconf 90' lang='lat' dir='ltr'>quid</span> <span class='ocrx_word' id='word_1_158' title='bbox 857 2888 970 2984; x_wconf 87' lang='lat' dir='ltr'>egeris</span> <span class='ocrx_word' id='word_1_159' title='bbox 1003 2883 1139 2983; x_wconf 77' lang='lat' dir='ltr'>[2tum‚</span> <span class='ocrx_word' id='word_1_160' title='bbox 1173 2914 1284 2984; x_wconf 92' lang='lat' dir='ltr'>quum</span> <span class='ocrx_word' id='word_1_161' title='bbox 1309 2889 1475 2977; x_wconf 88' lang='lat' dir='ltr'>dicebas,</span> 
     </span>
     <span class='ocr_line' id='line_1_23' title="bbox 348 2994 1476 3094; baseline 0.003 -25"><span class='ocrx_word' id='word_1_162' title='bbox 348 2994 542 3092; x_wconf 61' lang='lat' dir='ltr'>videbam}</span> <span class='ocrx_word' id='word_1_163' title='bbox 594 2998 754 3072; x_wconf 90' lang='lat' dir='ltr'>Primum</span> <span class='ocrx_word' id='word_1_164' title='bbox 792 2996 975 3070; x_wconf 86' lang='lat' dir='ltr'>Scaevolae</span> <span class='ocrx_word' id='word_1_165' title='bbox 998 3006 1033 3069; x_wconf 91' lang='lat' dir='ltr'>te</span> <span class='ocrx_word' id='word_1_166' title='bbox 1053 2998 1244 3086; x_wconf 87' lang='lat' dir='ltr'>dedidisti‚</span> <span class='ocrx_word' id='word_1_167' title='bbox 1271 3024 1378 3094; x_wconf 89' lang='lat' dir='ltr'>quem</span> <span class='ocrx_word' id='word_1_168' title='bbox 1402 3025 1476 3072; x_wconf 86' lang='lat' dir='ltr'>orn-</span> 
     </span>
     <span class='ocr_line' id='line_1_24' title="bbox 351 3106 1475 3202; baseline 0.003 -24"><span class='ocrx_word' id='word_1_169' title='bbox 351 3131 413 3178; x_wconf 85' lang='lat' dir='ltr'>nes</span> <span class='ocrx_word' id='word_1_170' title='bbox 438 3131 554 3178; x_wconf 90' lang='lat' dir='ltr'>amare</span> <span class='ocrx_word' id='word_1_171' title='bbox 579 3107 805 3182; x_wconf 85' lang='lat' dir='ltr'>meritissimo</span> <span class='ocrx_word' id='word_1_172' title='bbox 830 3131 894 3202; x_wconf 91' lang='lat' dir='ltr'>pro</span> <span class='ocrx_word' id='word_1_173' title='bbox 919 3106 995 3179; x_wconf 89' lang='lat' dir='ltr'>eius</span> <span class='ocrx_word' id='word_1_174' title='bbox 1019 3107 1147 3180; x_wconf 87' lang='lat' dir='ltr'>eximia</span> <span class='ocrx_word' id='word_1_175' title='bbox 1172 3109 1343 3181; x_wconf 89' lang='lat' dir='ltr'>suavitate</span> <span class='ocrx_word' id='word_1_176' title='bbox 1368 3109 1475 3182; x_wconf 88' lang='lat' dir='ltr'>debe-</span> 
     </span>
    </p>

    <p class='ocr_par' dir='ltr' id='par_1_5' title="bbox 75 3215 1572 3421">
     <span class='ocr_line' id='line_1_25' title="bbox 95 3215 1572 3377; baseline 0.003 -90"><span class='ocrx_word' id='word_1_177' title='bbox 95 3237 113 3377; x_wconf 32' lang='grc' dir='ltr'><strong>ἡ</strong></span> <span class='ocrx_word' id='word_1_178' title='bbox 353 3240 433 3288; x_wconf 88' lang='lat' dir='ltr'>mus</span> <span class='ocrx_word' id='word_1_179' title='bbox 445 3249 453 3302; x_wconf 82' lang='lat'>3</span> <span class='ocrx_word' id='word_1_180' title='bbox 482 3217 583 3288; x_wconf 88' lang='lat' dir='ltr'>cuius</span> <span class='ocrx_word' id='word_1_181' title='bbox 609 3225 719 3290; x_wconf 89' lang='lat' dir='ltr'>artem</span> <span class='ocrx_word' id='word_1_182' title='bbox 733 3215 1054 3319; x_wconf 47' lang='lat' dir='ltr'>mmmmm-am</span> <span class='ocrx_word' id='word_1_183' title='bbox 1067 3241 1142 3288; x_wconf 86' lang='lat' dir='ltr'>esse</span> <span class='ocrx_word' id='word_1_184' title='bbox 1154 3226 1188 3290; x_wconf 92' lang='lat' dir='ltr'>et</span> <span class='ocrx_word' id='word_1_185' title='bbox 1199 3217 1417 3313; x_wconf 90' lang='lat' dir='ltr'>incomptam</span> <span class='ocrx_word' id='word_1_186' title='bbox 1428 3219 1477 3291; x_wconf 85' lang='lat' dir='ltr'>vi-</span> <span class='ocrx_word' id='word_1_187' title='bbox 1569 3313 1572 3319; x_wconf 21' lang='grc' dir='ltr'>Ι</span> 
     </span>
     <span class='ocr_line' id='line_1_26' title="bbox 75 3269 1474 3421; baseline 0.004 -25"><span class='ocrx_word' id='word_1_188' title='bbox 75 3269 138 3419; x_wconf 59' lang='lat' dir='ltr'>pl</span> <span class='ocrx_word' id='word_1_189' title='bbox 297 3411 299 3414; x_wconf 17' lang='lat'>¹</span> <span class='ocrx_word' id='word_1_190' title='bbox 350 3325 472 3412; x_wconf 82' lang='lat' dir='ltr'>darae,</span> <span class='ocrx_word' id='word_1_191' title='bbox 499 3325 684 3399; x_wconf 88' lang='lat' dir='ltr'>verborum</span> <span class='ocrx_word' id='word_1_192' title='bbox 707 3351 783 3399; x_wconf 90' lang='lat' dir='ltr'>eam</span> <span class='ocrx_word' id='word_1_193' title='bbox 806 3325 888 3397; x_wconf 89' lang='lat' dir='ltr'>dote</span> <span class='ocrx_word' id='word_1_194' title='bbox 906 3324 1126 3421; x_wconf 88' lang='lat' dir='ltr'>locupletasti</span> <span class='ocrx_word' id='word_1_195' title='bbox 1144 3335 1179 3398; x_wconf 86' lang='lat' dir='ltr'>et</span> <span class='ocrx_word' id='word_1_196' title='bbox 1196 3328 1345 3400; x_wconf 88' lang='lat' dir='ltr'>ornasti:</span> <span class='ocrx_word' id='word_1_197' title='bbox 1374 3328 1474 3401; x_wconf 57' lang='lat' dir='ltr'>dein*</span> 
     </span>
    </p>
   </div>
   <div class='ocr_carea' id='block_1_4' title="bbox 346 3617 1477 4621">
    <p class='ocr_par' dir='ltr' id='par_1_6' title="bbox 346 3617 1477 4384">
     <span class='ocr_line' id='line_1_27' title="bbox 349 3617 1474 3680; baseline 0 -14"><span class='ocrx_word' id='word_1_198' title='bbox 349 3625 353 3634; x_wconf 95' lang='grc'><strong>’</strong></span> <span class='ocrx_word' id='word_1_199' title='bbox 381 3619 438 3666; x_wconf 86' lang='grc'><strong>233.</strong></span> <span class='ocrx_word' id='word_1_200' title='bbox 463 3619 506 3680; x_wconf 78' lang='lat' dir='ltr'>qai</span> <span class='ocrx_word' id='word_1_201' title='bbox 531 3619 554 3665; x_wconf 76' lang='lat' dir='ltr'>ct</span> <span class='ocrx_word' id='word_1_202' title='bbox 573 3617 699 3665; x_wconf 74' lang='lat' dir='ltr'>absolutas</span> <span class='ocrx_word' id='word_1_203' title='bbox 718 3619 790 3664; x_wconf 78' lang='lat' dir='ltr'>earet.</span> <span class='ocrx_word' id='word_1_204' title='bbox 832 3619 888 3666; x_wconf 85' lang='lat' dir='ltr'>Hor</span> <span class='ocrx_word' id='word_1_205' title='bbox 931 3631 1076 3677; x_wconf 72' lang='lat' dir='ltr'>parcamus,</span> <span class='ocrx_word' id='word_1_206' title='bbox 1091 3620 1195 3680; x_wconf 80' lang='lat' dir='ltr'>qui—.·</span> <span class='ocrx_word' id='word_1_207' title='bbox 1210 3618 1236 3666; x_wconf 85' lang='lat' dir='ltr'>in</span> <span class='ocrx_word' id='word_1_208' title='bbox 1250 3617 1474 3679; x_wconf 72' lang='lat' dir='ltr'>quamprimum,</span> 
     </span>
     <span class='ocr_line' id='line_1_28' title="bbox 346 3694 1476 3759; baseline 0.002 -17"><span class='ocrx_word' id='word_1_209' title='bbox 346 3696 533 3757; x_wconf 86' lang='lat' dir='ltr'>interpretando</span> <span class='ocrx_word' id='word_1_210' title='bbox 545 3695 712 3744; x_wconf 84' lang='lat' dir='ltr'>adiuvandum</span> <span class='ocrx_word' id='word_1_211' title='bbox 727 3699 772 3753; x_wconf 86' lang='lat' dir='ltr'>est,</span> <span class='ocrx_word' id='word_1_212' title='bbox 786 3694 887 3755; x_wconf 87' lang='lat' dir='ltr'>fierique</span> <span class='ocrx_word' id='word_1_213' title='bbox 935 3702 964 3745; x_wconf 90' lang='lat' dir='ltr'>ut</span> <span class='ocrx_word' id='word_1_214' title='bbox 983 3695 1129 3759; x_wconf 82' lang='lat' dir='ltr'>oportebat,</span> <span class='ocrx_word' id='word_1_215' title='bbox 1149 3696 1236 3745; x_wconf 88' lang='lat' dir='ltr'>omitto</span> <span class='ocrx_word' id='word_1_216' title='bbox 1249 3697 1407 3757; x_wconf 74' lang='lat' dir='ltr'>philosophos</span> <span class='ocrx_word' id='word_1_217' title='bbox 1420 3704 1476 3758; x_wconf 81' lang='lat' dir='ltr'>post</span> 
     </span>
     <span class='ocr_line' id='line_1_29' title="bbox 347 3773 1477 3838; baseline 0.001 -17"><span class='ocrx_word' id='word_1_218' title='bbox 347 3778 429 3836; x_wconf 86' lang='lat' dir='ltr'>potest</span> <span class='ocrx_word' id='word_1_219' title='bbox 449 3777 477 3821; x_wconf 90' lang='lat' dir='ltr'>ut</span> <span class='ocrx_word' id='word_1_220' title='bbox 495 3773 613 3822; x_wconf 85' lang='lat' dir='ltr'>exciderit</span> <span class='ocrx_word' id='word_1_221' title='bbox 624 3773 665 3830; x_wconf 84' lang='lat' dir='ltr'>id,</span> <span class='ocrx_word' id='word_1_222' title='bbox 680 3773 747 3834; x_wconf 86' lang='lat' dir='ltr'>quod</span> <span class='ocrx_word' id='word_1_223' title='bbox 761 3787 829 3820; x_wconf 87' lang='lat' dir='ltr'>nunc</span> <span class='ocrx_word' id='word_1_224' title='bbox 842 3787 887 3820; x_wconf 85' lang='lat' dir='ltr'>ne·</span> <span class='ocrx_word' id='word_1_225' title='bbox 936 3776 996 3822; x_wconf 72' lang='lat' dir='ltr'>otoo</span> <span class='ocrx_word' id='word_1_226' title='bbox 1000 3792 1011 3829; x_wconf 88' lang='grc'>,·</span> <span class='ocrx_word' id='word_1_227' title='bbox 1024 3780 1091 3833; x_wconf 88' lang='lat' dir='ltr'>tum,</span> <span class='ocrx_word' id='word_1_228' title='bbox 1100 3774 1238 3824; x_wconf 80' lang='lat' dir='ltr'>necessario</span> <span class='ocrx_word' id='word_1_229' title='bbox 1246 3774 1423 3838; x_wconf 79' lang='lat' dir='ltr'>corrigendum</span> <span class='ocrx_word' id='word_1_230' title='bbox 1430 3775 1477 3824; x_wconf 83' lang='lat' dir='ltr'>fuit</span> 
     </span>
     <span class='ocr_line' id='line_1_30' title="bbox 348 3851 1475 3916; baseline 0.002 -16"><span class='ocrx_word' id='word_1_231' title='bbox 348 3852 453 3900; x_wconf 85' lang='lat' dir='ltr'>cessario</span> <span class='ocrx_word' id='word_1_232' title='bbox 468 3856 504 3899; x_wconf 87' lang='lat' dir='ltr'>est</span> <span class='ocrx_word' id='word_1_233' title='bbox 517 3851 719 3914; x_wconf 83' lang='lat' dir='ltr'>intelligendum:</span> <span class='ocrx_word' id='word_1_234' title='bbox 735 3864 825 3912; x_wconf 87' lang='lat' dir='ltr'>nempe</span> <span class='ocrx_word' id='word_1_235' title='bbox 839 3851 887 3899; x_wconf 88' lang='lat' dir='ltr'>hoc</span> <span class='ocrx_word' id='word_1_236' title='bbox 930 3867 1070 3914; x_wconf 76' lang='lat' dir='ltr'>possamus,</span> <span class='ocrx_word' id='word_1_237' title='bbox 1084 3868 1130 3915; x_wconf 88' lang='lat' dir='ltr'>pro</span> <span class='ocrx_word' id='word_1_238' title='bbox 1143 3854 1247 3916; x_wconf 78' lang='lat' dir='ltr'>vulgato</span> <span class='ocrx_word' id='word_1_239' title='bbox 1256 3867 1391 3914; x_wconf 71' lang='lat' dir='ltr'>poscemus,</span> <span class='ocrx_word' id='word_1_240' title='bbox 1404 3854 1475 3902; x_wconf 85' lang='lat' dir='ltr'>cuius</span> 
     </span>
     <span class='ocr_line' id='line_1_31' title="bbox 346 3927 1473 3993; baseline 0.001 -14"><span class='ocrx_word' id='word_1_241' title='bbox 346 3931 455 3979; x_wconf 76' lang='lat' dir='ltr'>voluisse</span> <span class='ocrx_word' id='word_1_242' title='bbox 474 3929 585 3986; x_wconf 82' lang='lat' dir='ltr'>videtur,</span> <span class='ocrx_word' id='word_1_243' title='bbox 605 3929 640 3976; x_wconf 71' lang='lat' dir='ltr'>asi</span> <span class='ocrx_word' id='word_1_244' title='bbox 653 3927 769 3978; x_wconf 80' lang='lat' dir='ltr'>detonsus</span> <span class='ocrx_word' id='word_1_245' title='bbox 784 3929 887 3978; x_wconf 82' lang='lat' dir='ltr'>oratoria</span> <span class='ocrx_word' id='word_1_246' title='bbox 935 3932 1005 3979; x_wconf 91' lang='lat' dir='ltr'>nulla</span> <span class='ocrx_word' id='word_1_247' title='bbox 1017 3931 1081 3980; x_wconf 87' lang='lat' dir='ltr'>ratio</span> <span class='ocrx_word' id='word_1_248' title='bbox 1091 3931 1162 3980; x_wconf 88' lang='lat' dir='ltr'>reddi</span> <span class='ocrx_word' id='word_1_249' title='bbox 1169 3936 1261 3993; x_wconf 83' lang='lat' dir='ltr'>potest:</span> <span class='ocrx_word' id='word_1_250' title='bbox 1277 3931 1473 3980; x_wconf 80' lang='lat' dir='ltr'>necridetrnat-</span> 
     </span>
     <span class='ocr_line' id='line_1_32' title="bbox 349 4005 1476 4068; baseline 0 -11"><span class='ocrx_word' id='word_1_251' title='bbox 349 4012 418 4057; x_wconf 78' lang='lat' dir='ltr'>uerte</span> <span class='ocrx_word' id='word_1_252' title='bbox 438 4007 564 4056; x_wconf 82' lang='lat' dir='ltr'>absolutus</span> <span class='ocrx_word' id='word_1_253' title='bbox 586 4005 681 4055; x_wconf 84' lang='lat' dir='ltr'>esset:”</span> <span class='ocrx_word' id='word_1_254' title='bbox 697 4007 796 4068; x_wconf 87' lang='lat' dir='ltr'>quadis</span> <span class='ocrx_word' id='word_1_255' title='bbox 810 4007 885 4065; x_wconf 86' lang='lat' dir='ltr'>dicit,</span> <span class='ocrx_word' id='word_1_256' title='bbox 934 4009 1042 4058; x_wconf 80' lang='lat' dir='ltr'>tendisse</span> <span class='ocrx_word' id='word_1_257' title='bbox 1050 4010 1203 4068; x_wconf 82' lang='lat' dir='ltr'>Ellendtius,</span> <span class='ocrx_word' id='word_1_258' title='bbox 1213 4010 1275 4058; x_wconf 88' lang='lat' dir='ltr'>haec</span> <span class='ocrx_word' id='word_1_259' title='bbox 1283 4025 1333 4058; x_wconf 86' lang='lat' dir='ltr'>non</span> <span class='ocrx_word' id='word_1_260' title='bbox 1344 4024 1398 4059; x_wconf 84' lang='lat' dir='ltr'>esse</span> <span class='ocrx_word' id='word_1_261' title='bbox 1405 4025 1476 4059; x_wconf 54' lang='lat' dir='ltr'>com*</span> 
     </span>
     <span class='ocr_line' id='line_1_33' title="bbox 348 4083 1474 4150; baseline 0.001 -15"><span class='ocrx_word' id='word_1_262' title='bbox 348 4087 387 4135; x_wconf 87' lang='lat' dir='ltr'>oui</span> <span class='ocrx_word' id='word_1_263' title='bbox 400 4100 546 4150; x_wconf 86' lang='lat' dir='ltr'>persuasum</span> <span class='ocrx_word' id='word_1_264' title='bbox 560 4089 597 4133; x_wconf 86' lang='lat' dir='ltr'>est</span> <span class='ocrx_word' id='word_1_265' title='bbox 608 4085 734 4133; x_wconf 83' lang='lat' dir='ltr'>Socratem</span> <span class='ocrx_word' id='word_1_266' title='bbox 745 4083 886 4134; x_wconf 87' lang='lat' dir='ltr'>absolutum</span> <span class='ocrx_word' id='word_1_267' title='bbox 935 4089 1051 4149; x_wconf 89' lang='lat' dir='ltr'>ponenda</span> <span class='ocrx_word' id='word_1_268' title='bbox 1064 4103 1121 4136; x_wconf 87' lang='lat' dir='ltr'>curn</span> <span class='ocrx_word' id='word_1_269' title='bbox 1135 4089 1260 4137; x_wconf 68' lang='lat' dir='ltr'>acaum</span> <span class='ocrx_word' id='word_1_270' title='bbox 1273 4092 1350 4147; x_wconf 73' lang='lat' dir='ltr'>aeret,</span> <span class='ocrx_word' id='word_1_271' title='bbox 1365 4089 1474 4137; x_wconf 82' lang='lat' dir='ltr'>sedcum</span> 
     </span>
     <span class='ocr_line' id='line_1_34' title="bbox 346 4163 1473 4236; baseline 0.003 -23"><span class='ocrx_word' id='word_1_272' title='bbox 346 4166 437 4223; x_wconf 81' lang='lat' dir='ltr'>fuisse,</span> <span class='ocrx_word' id='word_1_273' title='bbox 457 4165 531 4212; x_wconf 89' lang='lat' dir='ltr'>modo</span> <span class='ocrx_word' id='word_1_274' title='bbox 545 4163 647 4212; x_wconf 84' lang='lat' dir='ltr'>oratoris</span> <span class='ocrx_word' id='word_1_275' title='bbox 662 4169 716 4212; x_wconf 85' lang='lat' dir='ltr'>arte</span> <span class='ocrx_word' id='word_1_276' title='bbox 730 4169 759 4236; x_wconf 67' lang='lat' dir='ltr'>el.</span> <span class='ocrx_word' id='word_1_277' title='bbox 767 4163 886 4212; x_wconf 86' lang='lat' dir='ltr'>facultate</span> <span class='ocrx_word' id='word_1_278' title='bbox 934 4181 1017 4228; x_wconf 85' lang='lat' dir='ltr'>seqq.,</span> <span class='ocrx_word' id='word_1_279' title='bbox 1033 4182 1107 4228; x_wconf 82' lang='lat' dir='ltr'>qaam</span> <span class='ocrx_word' id='word_1_280' title='bbox 1120 4168 1163 4214; x_wconf 75' lang='lat' dir='ltr'>ille</span> <span class='ocrx_word' id='word_1_281' title='bbox 1175 4168 1358 4215; x_wconf 64' lang='lat' dir='ltr'>damnarant.</span> <span class='ocrx_word' id='word_1_282' title='bbox 1378 4169 1410 4216; x_wconf 90' lang='lat' dir='ltr'>ln</span> <span class='ocrx_word' id='word_1_283' title='bbox 1416 4168 1473 4224; x_wconf 83' lang='lat' dir='ltr'>illis,</span> 
     </span>
     <span class='ocr_line' id='line_1_35' title="bbox 346 4241 1474 4307; baseline 0.006 -17"><span class='ocrx_word' id='word_1_284' title='bbox 346 4244 372 4292; x_wconf 84' lang='lat' dir='ltr'>in</span> <span class='ocrx_word' id='word_1_285' title='bbox 393 4243 484 4291; x_wconf 86' lang='lat' dir='ltr'>iudicio</span> <span class='ocrx_word' id='word_1_286' title='bbox 505 4241 621 4290; x_wconf 84' lang='lat' dir='ltr'>defensus</span> <span class='ocrx_word' id='word_1_287' title='bbox 641 4242 742 4300; x_wconf 81' lang='lat' dir='ltr'>fuisset,</span> <span class='ocrx_word' id='word_1_288' title='bbox 765 4243 885 4303; x_wconf 86' lang='lat' dir='ltr'>siquidem</span> <span class='ocrx_word' id='word_1_289' title='bbox 933 4244 1090 4293; x_wconf 73' lang='lat' dir='ltr'>inscientiam</span> <span class='ocrx_word' id='word_1_290' title='bbox 1109 4251 1177 4294; x_wconf 87' lang='lat' dir='ltr'>recte</span> <span class='ocrx_word' id='word_1_291' title='bbox 1197 4245 1306 4304; x_wconf 70' lang='lat' dir='ltr'>samari,</span> <span class='ocrx_word' id='word_1_292' title='bbox 1327 4251 1432 4307; x_wconf 79' lang='lat' dir='ltr'>apparet</span> <span class='ocrx_word' id='word_1_293' title='bbox 1445 4261 1474 4298; x_wconf 75' lang='lat' dir='ltr'>ex</span> 
     </span>
     <span class='ocr_line' id='line_1_36' title="bbox 346 4321 1370 4384; baseline -0.002 -13"><span class='ocrx_word' id='word_1_294' title='bbox 346 4323 428 4371; x_wconf 85' lang='lat' dir='ltr'>statim</span> <span class='ocrx_word' id='word_1_295' title='bbox 448 4321 561 4378; x_wconf 87' lang='lat' dir='ltr'>additur,</span> <span class='ocrx_word' id='word_1_296' title='bbox 583 4336 640 4369; x_wconf 89' lang='lat' dir='ltr'>eum</span> <span class='ocrx_word' id='word_1_297' title='bbox 661 4323 753 4368; x_wconf 81' lang='lat' dir='ltr'>nattam</span> <span class='ocrx_word' id='word_1_298' title='bbox 767 4323 842 4368; x_wconf 84' lang='lat' dir='ltr'>altam</span> <span class='ocrx_word' id='word_1_299' title='bbox 857 4325 886 4369; x_wconf 83' lang='lat' dir='ltr'>ob</span> <span class='ocrx_word' id='word_1_300' title='bbox 935 4321 964 4370; x_wconf 85' lang='lat' dir='ltr'>iis</span> <span class='ocrx_word' id='word_1_301' title='bbox 978 4337 1041 4384; x_wconf 89' lang='lat' dir='ltr'>quae</span> <span class='ocrx_word' id='word_1_302' title='bbox 1054 4323 1139 4370; x_wconf 85' lang='lat' dir='ltr'>notavi</span> <span class='ocrx_word' id='word_1_303' title='bbox 1153 4336 1241 4384; x_wconf 82' lang='lat' dir='ltr'>supra,</span> <span class='ocrx_word' id='word_1_304' title='bbox 1256 4323 1288 4370; x_wconf 83' lang='lat' dir='ltr'>od</span> <span class='ocrx_word' id='word_1_305' title='bbox 1302 4327 1315 4382; x_wconf 68' lang='grc' dir='ltr'><strong>ξ</strong></span> <span class='ocrx_word' id='word_1_306' title='bbox 1329 4324 1370 4371; x_wconf 83' lang='grc'>99.</span> 
     </span>
    </p>

    <p class='ocr_par' dir='ltr' id='par_1_7' title="bbox 347 4399 1472 4621">
     <span class='ocr_line' id='line_1_37' title="bbox 347 4399 1472 4465; baseline -0.003 -15"><span class='ocrx_word' id='word_1_307' title='bbox 347 4403 443 4465; x_wconf 58' lang='lat' dir='ltr'>whom</span> <span class='ocrx_word' id='word_1_308' title='bbox 457 4401 504 4448; x_wconf 79' lang='lat' dir='ltr'>aiat</span> <span class='ocrx_word' id='word_1_309' title='bbox 511 4399 886 4460; x_wconf 75' lang='lat' dir='ltr'>propterdtcondtinacieatiom</span> <span class='ocrx_word' id='word_1_310' title='bbox 968 4402 1025 4448; x_wconf 80' lang='lat'>234.</span> <span class='ocrx_word' id='word_1_311' title='bbox 1046 4403 1124 4462; x_wconf 81' lang='lat' dir='ltr'>[tam,</span> <span class='ocrx_word' id='word_1_312' title='bbox 1139 4399 1328 4463; x_wconf 78' lang='lat' dir='ltr'>quam&#39;dtcebaa,</span> <span class='ocrx_word' id='word_1_313' title='bbox 1337 4401 1472 4462; x_wconf 70' lang='lat' dir='ltr'>videbam]-</span> 
     </span>
     <span class='ocr_line' id='line_1_38' title="bbox 347 4477 1472 4537; baseline 0 -11"><span class='ocrx_word' id='word_1_314' title='bbox 347 4479 490 4526; x_wconf 87' lang='lat' dir='ltr'>damnatum</span> <span class='ocrx_word' id='word_1_315' title='bbox 505 4493 566 4528; x_wconf 84' lang='lat' dir='ltr'>esse.</span> <span class='ocrx_word' id='word_1_316' title='bbox 590 4477 614 4526; x_wconf 86' lang='lat' dir='ltr'>si</span> <span class='ocrx_word' id='word_1_317' title='bbox 629 4479 691 4536; x_wconf 85' lang='lat' dir='ltr'>hoc,</span> <span class='ocrx_word' id='word_1_318' title='bbox 708 4477 831 4526; x_wconf 82' lang='lat' dir='ltr'>Antonius</span> <span class='ocrx_word' id='word_1_319' title='bbox 844 4478 882 4526; x_wconf 90' lang='lat' dir='ltr'>iu·</span> <span class='ocrx_word' id='word_1_320' title='bbox 934 4481 1025 4528; x_wconf 77' lang='lat' dir='ltr'>Moneo</span> <span class='ocrx_word' id='word_1_321' title='bbox 1045 4480 1071 4527; x_wconf 87' lang='lat' dir='ltr'>in</span> <span class='ocrx_word' id='word_1_322' title='bbox 1091 4479 1227 4537; x_wconf 86' lang='lat' dir='ltr'>sententia,</span> <span class='ocrx_word' id='word_1_323' title='bbox 1248 4479 1310 4528; x_wconf 86' lang='lat' dir='ltr'>haec</span> <span class='ocrx_word' id='word_1_324' title='bbox 1331 4480 1421 4528; x_wconf 86' lang='lat' dir='ltr'>stolide</span> <span class='ocrx_word' id='word_1_325' title='bbox 1435 4480 1472 4526; x_wconf 89' lang='lat' dir='ltr'>in-</span> 
     </span>
     <span class='ocr_line' id='line_1_39' title="bbox 348 4543 1471 4621; baseline 0.001 -17"><span class='ocrx_word' id='word_1_326' title='bbox 348 4558 408 4618; x_wconf 85' lang='lat' dir='ltr'>quit,</span> <span class='ocrx_word' id='word_1_327' title='bbox 416 4543 502 4608; x_wconf 83' lang='lat' dir='ltr'>veruin</span> <span class='ocrx_word' id='word_1_328' title='bbox 510 4563 556 4614; x_wconf 85' lang='lat' dir='ltr'>cst,</span> <span class='ocrx_word' id='word_1_329' title='bbox 564 4572 666 4620; x_wconf 81' lang='lat' dir='ltr'>quonam</span> <span class='ocrx_word' id='word_1_330' title='bbox 674 4557 807 4604; x_wconf 82' lang='lat' dir='ltr'>modoiatoa</span> <span class='ocrx_word' id='word_1_331' title='bbox 808 4557 885 4619; x_wconf 76' lang='lat' dir='ltr'>ferre</span> <span class='ocrx_word' id='word_1_332' title='bbox 934 4561 997 4608; x_wconf 85' lang='lat' dir='ltr'>serta</span> <span class='ocrx_word' id='word_1_333' title='bbox 1011 4572 1072 4606; x_wconf 79' lang='lat' dir='ltr'>esse.</span> <span class='ocrx_word' id='word_1_334' title='bbox 1108 4559 1174 4618; x_wconf 82' lang='lat' dir='ltr'>Quid</span> <span class='ocrx_word' id='word_1_335' title='bbox 1188 4559 1251 4616; x_wconf 89' lang='lat' dir='ltr'>hoc,</span> <span class='ocrx_word' id='word_1_336' title='bbox 1265 4563 1304 4616; x_wconf 89' lang='lat' dir='ltr'>ut,</span> <span class='ocrx_word' id='word_1_337' title='bbox 1319 4563 1377 4621; x_wconf 87' lang='lat' dir='ltr'>post</span> <span class='ocrx_word' id='word_1_338' title='bbox 1391 4559 1471 4614; x_wconf 63' lang='lat' dir='ltr'>adeo,</span> 
     </span>
    </p>
   </div>
   <div class='ocr_carea' id='block_1_5' title="bbox 0 0 1626 5492">
    <p class='ocr_par' dir='ltr' id='par_1_8' title="bbox 0 0 1626 5492">
     <span class='ocr_line' id='line_1_40' title="bbox 0 0 1626 5492; baseline 0 0"><span class='ocrx_word' id='word_1_339' title='bbox 0 0 1626 5492; x_wconf 95' lang='lat' dir='ltr'> </span> 
     </span>
    </p>
   </div>
  </div>
 </body>
</html>
