3242 5500
402 567 515 618 crana
542 566 743 617 sncunnns.
772 553 790 631 §
819 548 899 618 131.
1145 549 1213 621 175

105 740 264 826 rietatis,
297 740 335 811 in
360 739 550 836 exemplis,
575 739 612 810 in
636 738 829 827 institutis,
854 740 891 811 in
917 738 1073 811 moribus
1097 764 1136 811 ac
1156 764 1214 811 vo·

104 848 288 922 luntatibus
319 849 448 921 civium
481 872 624 921 suorum
652 847 798 943 hospes,
823 873 893 920 non
919 849 1070 920 multum
1094 849 1125 920 ei
1149 848 1217 921 loci

104 958 287 1056 proderimt
311 959 383 1046 illi,
412 957 608 1053 exquibus
633 967 841 1057 argumenta
862 966 1082 1054 promuntur.
1125 957 1215 1029 Sub·

105 1078 173 1140 acto
202 1068 290 1140 mihi
322 1068 467 1163 ingenio
488 1092 577 1163 opus
600 1075 671 1153 est,
696 1075 737 1139 ut
761 1092 847 1163 agro
871 1091 945 1139 non
971 1067 1078 1138 semel
1102 1075 1216 1152 arato,

106 1176 161 1249 sed
194 1177 339 1263 iterato,
377 1201 447 1273 quo
479 1176 640 1249 meliores
669 1176 784 1248 foetus
814 1178 925 1273 possit
954 1184 987 1248 et
1013 1176 1216 1271 grandiores

106 1285 215 1358 edere:
252 1285 411 1358 subactio
446 1292 565 1358 autem
601 1294 654 1358 est
686 1310 791 1372 usus,
823 1286 977 1372 auditi0,
1016 1286 1153 1372 lecti0‚-
1173 1286 1214 1357 li·

107 1402 203 1466 terae.
250 1394 306 1466 Ao
330 1395 484 1492 primum
508 1402 670 1468 naturam
694 1420 819 1467 causae
840 1396 976 1481 videat,
1003 1419 1093 1491 quae
1112 1419 1214 1466 num·
1240 1411 1287 1456 132

105 1528 202 1598 quam
235 1503 324 1576 latet
336 1536 345 1589 ;
378 1504 557 1576 factumne
589 1504 654 1590 sit,
692 1513 899 1601 quaeratur,
933 1528 977 1575 an
1008 1504 1111 1600 quale
1147 1503 1214 1588 sit,

105 1636 144 1682 an
179 1612 274 1708 quod
311 1636 441 1685 nomen
473 1611 611 1686 habeat.
666 1614 748 1690 Quo
780 1623 981 1711 perspecto,
1021 1613 1137 1684 statim
1163 1637 1217 1684 oo·
1287 1679 1296 1691 ,

105 1721 203 1794 cmrit
235 1722 390 1794 naturali
426 1722 579 1816 quadam
607 1723 815 1818 prudentia,
841 1747 912 1796 non
938 1722 991 1794 his
1015 1721 1217 1814 subductio·
1247 1705 1334 1792 Arm
1358 1713 1392 1772 r„
1429 1711 1448 1766 ι’
1463 1754 1466 1760 1
1484 1717 1499 1759 f

104 1829 220 1917 nibus,
258 1855 349 1926 quas
380 1831 439 1903 isti
469 1831 618 1917 docent,
652 1832 739 1928 quid
769 1832 874 1905 iaciat
899 1855 1058 1918 oausam,
1084 1830 1122 1902 id
1146 1839 1217 1915 est,

105 1962 167 2032 quo
189 1937 329 2013 sublato
353 1940 586 2012 controversia
603 1948 694 2012 stare
715 1964 785 2012 non
806 1941 934 2035 possit;
961 1939 1105 2025 deinde,
1130 1941 1218 2036 quid

104 2047 211 2120 veniat
245 2048 283 2120 in
317 2048 508 2135 iudicium,
531 2049 627 2144 quod
651 2050 711 2122 isti
735 2050 785 2128 sic
809 2049 932 2122 iubent
954 2072 1139 2144 quaerere:
1164 2049 1218 2120 iu·

104 2155 230 2229 teriecit
255 2157 423 2253 Opimius
448 2157 666 2231 Gracchum:
704 2158 791 2254 quid
814 2159 898 2230 fecit
922 2159 1088 2230 oausam?
1124 2157 1220 2252 quod

104 2265 150 2337 rei
170 2264 333 2361 publicae
347 2291 471 2354 causa,
496 2291 606 2363 quum
619 2292 662 2338 ex
675 2275 817 2339 senatus
829 2267 987 2339 consulto
1000 2266 1045 2338 ad
1057 2289 1220 2338 armavo-

104 2384 224 2447 casset:
258 2375 327 2447 hoc
356 2376 464 2461 tolle,
489 2399 594 2448 causa
617 2400 689 2447 non
713 2376 789 2448 erit.
841 2375 891 2448 At
914 2375 953 2448 id
975 2376 1092 2472 ipsum
1113 2383 1220 2471 negat

104 2492 215 2556 oontm
238 2485 337 2580 leges
359 2485 498 2556 licuisse
521 2485 664 2558 Decius.
692 2483 820 2556 Veniet
844 2485 954 2580 igitur
974 2485 1011 2556 in
1029 2484 1217 2569 iudicium,

105 2591 279 2666 licueritne
291 2618 335 2665 ex
349 2595 658 2666 senatusconsulto
670 2593 858 2666 servandae
870 2593 1090 2688 reipublicae
1102 2618 1216 2666 causa.

103 2697 283 2798 Perspicua
320 2711 402 2776 sunt
432 2703 516 2777 haec
547 2703 711 2800 quidem,
745 2711 780 2776 et
812 2704 849 2775 in
873 2703 1010 2799 vulgari
1032 2702 1220 2800 prudentia

104 2811 177 2884 sita:
201 2813 263 2885 sed
287 2813 351 2885 illa
374 2813 589 2909 quaerenda,
614 2838 705 2909 quae
728 2813 773 2885 ab
798 2821 997 2886 accusatore
1018 2813 1217 2885 etadefen·

103 2944 171 2993 sore
194 2932 428 3017 argumenta,
451 2922 498 2995 ad
522 2922 579 3010 id,
604 2922 698 3019 quod
724 2923 762 2994 in
787 2923 958 2995 iudicium
981 2921 1096 3010 venit,
1121 2946 1217 3019 spec·

103 3031 225 3117 tantia,
251 3029 406 3105 debeant
427 3033 552 3105 afferri.

145 3140 261 3237 Atque
294 3140 354 3213 hie
387 3141 477 3214 illud
512 3140 705 3213 videndum
730 3148 782 3213 est
812 3140 959 3236 (inquo
985 3164 1143 3212 summus
1169 3145 1220 3212 est
1246 3140 1289 3209 31

104 3273 189 3321 error
220 3251 372 3323 istorum
407 3251 673 3347 magistrorum,
714 3250 760 3322 ad
796 3274 884 3345 quos
921 3250 1048 3322 liberos
1085 3256 1221 3321 nostros
1246 3266 1293 3314 ras

104 3576 244 3634 nomme,
273 3573 385 3635 explicui
407 3573 434 3621 in
454 3572 563 3621 Scholia·
583 3575 635 3634 Hy·
686 3571 803 3622 mendam
823 3573 988 3621 subactionem
1003 3588 1032 3623 ea
1045 3575 1119 3637 poni,
1134 3572 1223 3636 quibus

104 3665 181 3711 pomn.
198 3655 229 3701 V.
243 3668 270 3715 p.
286 3654 352 3708 306,
366 3666 404 3713 sq.
686 3652 900 3711 eaperficeretur,
914 3656 1038 3712 tamquam
1053 3653 1072 3702 si
1086 3653 1222 3711 diceretur,

132 3731 160 3778 at
171 3745 231 3792 apro
243 3746 295 3779 non
306 3731 384 3778 mmet
392 3730 473 3777 arato.
490 3729 637 3792 Lagentium
686 3729 790 3777 victoria
802 3730 841 3775 ert
848 3729 979 3789 fortitudo
992 3731 1018 3778 et
1023 3731 1164 3790 patientia·
1178 3746 1222 3780 ne-

105 3811 127 3854 et
138 3809 357 3873 distinguendum,
378 3808 407 3855 ut
423 3822 494 3871 apro,
508 3821 553 3855 nec
564 3811 640 3855 semet
686 3820 734 3867 que
746 3805 824 3863 infra,
839 3807 888 3855 III.
904 3811 916 3865 ξ
935 3810 980 3864 42,
995 3809 1083 3858 dicitur
1097 3812 1222 3858 amborum

104 3888 181 3945 arato,
200 3889 245 3936 red
257 3888 362 3936 iterato.
396 3886 549 3935 Auctoritate
560 3884 636 3934 libro·
685 3886 813 3933 cerrima
823 3886 942 3941 astralia,
956 3887 1052 3945 literae,
1066 3890 1223 3947 mutuatorie,

105 3977 169 4023 rum,
188 3972 246 4015 ante
266 3966 378 4021 iterato,
401 3964 472 4013 omisi
491 3966 577 4013 novato
596 3967 637 4021 et,
686 3963 746 4021 sed,
760 3978 817 4011 eam
829 3964 907 4023 affert
919 3964 997 4022 ratio,
1012 3969 1060 4014 cet.

105 4040 148 4087 iam
161 4042 192 4090 ab
205 4044 336 4092 Ellendtio
350 4043 474 4090 damnata.
722 4043 778 4089 132.
802 4041 847 4089 red
871 4043 915 4090 i11a
935 4046 1089 4104 quaerenda,
1111 4060 1172 4105 puae
1190 4072 1224 4081 -

134 4123 339 4169 abactionem
353 4122 497 4169 -ateraa
523 4122 639 4170 Premere
687 4121 785 4182 afferri·
820 4121 851 4168 In
871 4120 909 4169 his
926 4136 1026 4183 prorsus
1043 4123 1168 4171 insolitum
1188 4127 1225 4171 est

106 4211 150 4244 non
163 4213 263 4259 possum
270 4198 451 4261 suspicionem,
467 4198 532 4247 hane
538 4212 639 4261 prorsus
687 4203 716 4247 nt
723 4201 870 4259 aryumeata
877 4199 991 4247 dicantur
997 4201 1110 4260 spectare
1117 4200 1151 4247 ad
1156 4200 1225 4262 quid.

105 4274 210 4326 inutilem
230 4277 426 4340 explicationem
446 4276 478 4324 ab
494 4282 639 4326 annotatore
688 4276 805 4338 Suspicor
818 4278 956 4337 spectantia
969 4294 983 4327 e
996 4279 1056 4328 vitio
1070 4283 1224 4327 autumesse.

105 4355 238 4413 proiectam
252 4370 318 4405 esse.
344 4354 526 4403 Neferendum
540 4356 639 4417 quidem
724 4356 779 4403 133.
797 4356 873 4416 atque
897 4357 937 4405 tic
961 4358 1025 4405 illud
1040 4357 1168 4406 videndum
1188 4358 1226 4404 eet

106 4431 150 4479 hoc
168 4439 217 4491 est,
240 4438 270 4482 ut
283 4433 396 4481 montio
408 4434 504 4482 dicatur
517 4448 641 4481 orneacus
689 4432 729 4496 (ia
755 4447 802 4495 quo
827 4460 861 4469 —-
879 4435 1046 4500 impolitam:
1072 4436 1227 4483 constituunt

106 4509 263 4573 (quamquam
278 4517 348 4560 recte
361 4512 641 4575 dixerisuausatipttur
689 4512 753 4558 enim
765 4538 807 4558 -.
833 4512 874 4560 Sic
887 4513 1088 4575 interpungendo
1102 4513 1143 4561 hic
1156 4514 1226 4561 locus

107 4588 252 4654 incenium),
274 4603 358 4650 neque
377 4589 507 4651 oportebat
527 4591 560 4638 ad
578 4590 640 4637 defi·
689 4589 843 4639 adiuvandus
857 4596 924 4648 erat,
940 4590 959 4639 si
973 4590 1072 4651 quidem
1087 4591 1165 4649 illud,
1179 4591 1225 4639 ini-

516 4868 526 4896 1
