3242 5500
939 396 951 443 s
974 81 1211 466 ιι

385 553 455 621 216
698 575 811 624 rusus
838 488 1040 627 snoliunus.
1069 557 1086 637 ι
1112 554 1194 624 228.

107 823 111 832 ,
189 784 252 870 *Q
382 745 554 839 quodrsti
571 748 747 843 contingit
764 632 1091 928 unis’ſsmihim
1108 745 1293 818 ferendum
1310 744 1491 818 videbatur

85 893 190 949 rw
224 915 231 922 ,
310 874 356 918 aaa
383 851 469 939 Hic,
494 878 604 950 quum
622 857 792 929 arrisisset
810 857 887 968 ipe
903 856 1066 940 Crassus,
1092 854 1313 940 At‚tamen
1303 855 1421 950 inquit
1407 853 1492 926 tdn·

103 963 106 971 '
381 964 521 1049 ιοιιιιιι,
559 989 670 1059 quum
704 976 815 1038 artem
853 990 928 1037 csse
962 965 1061 1041 facet'
1036 974 1165 1036 tratum
1202 965 1311 1037 ullam
1341 988 1492 1060 negaras,

380 1075 547 1167 aperuisti
539 1074 758 1172 quiddam,
785 1075 881 1171 quod
898 1074 1184 1171 praecipiendum
1202 1074 1337 1146 videret
1322 1082 1392 1146 t.ur
1431 1071 1491 1144 Ha·

381 1179 456 1252 beri
498 1184 593 1255 enim
632 1185 755 1257 dixisti
789 1185 962 1257 rationem
996 1191 1156 1279 oportere
1191 1183 1398 1268 hominum,
1432 1182 1491 1266 rei,

380 1293 566 1387 temporis,
600 1295 754 1416 nequid
778 1295 875 1366 iocus
900 1294 944 1365 de
969 1293 1141 1388 gravitate
1165 1293 1363 1387 decerperet
1374 1325 1383 1379 ;
1411 1290 1492 1387 quod

380 1401 523 1494 quidem
550 1392 588 1474 in
613 1405 736 1499 primis
759 1429 780 1475 a
805 1403 931 1474 Crasso
955 1401 1131 1474 observari
1156 1403 1290 1474 soleret.
1346 1402 1428 1473 Sed
1437 1401 1491 1472 hoc

379 1518 539 1606 praecept
541 1536 601 1582 um
612 1522 710 1607 prae
712 1513 830 1585 ermitt
799 1513 1002 1585 endarum
1014 1519 1067 1584 es
1052 1511 1185 1584 tfacat
1160 1520 1305 1598 trorum,
1324 1535 1441 1607 quum
1445 1509 1491 1582 his

379 1618 467 1690 nihil
484 1645 573 1716 opus
591 1622 652 1694 sit
671 1646 735 1693 nos
752 1629 813 1693 aut
814 1647 887 1707 em,
911 1647 981 1716 quc
993 1621 1097 1693 modo
1110 1629 1268 1706 utamur,
1277 1645 1407 1742 quum.
1414 1645 1490 1740 opus

377 1729 439 1813 sit,
467 1731 677 1823 quaerimus.
682 1729 803 1802 ***t
764 1732 858 1802 utin
872 1730 1127 1815 adversarium,
1146 1729 1361 1817 etmaxime‚
1381 1730 1410 1802 si
1425 1729 1490 1800 cius

377 1837 527 1910 stultitia
555 1840 686 1960 poterit
704 1840 867 1938 agitari,
902 1839 939 1911 in
965 1848 1091 1912 testem
1117 1838 1285 1924 stultum,
1311 1838 1510 1935 cupidum

303 1974 350 2021 asc
375 1947 507 2034 levem,
534 1949 563 2020 si
587 1948 689 2020 facile
711 1949 870 2021 homines
894 1949 991 2021 audit
977 1956 1047 2021 turi
1039 1947 1239 2020 videbunt
1224 1956 1293 2020 tur
1348 1948 1489 2020 Omnino

374 2007 608 2178 probabiliora
641 2066 724 2130 sunt
759 2083 850 2155 quac
882 2058 1032 2132 lacessiti
1064 2058 1234 2143 dicimus,
1272 2082 1380 2152 quam
1411 2081 1488 2154 quse

373 2167 516 2261 priores.
570 2169 663 2240 Nam
697 2151 1072 2264 ettingenii‘cdeiitas
1095 2168 1298 2253 meliorest,
1325 2192 1413 2264 quae
1434 2192 1486 2289 ap-

372 2267 487 2372 paret
506 2277 543 2348 in
578 2278 843 2372 respondendo,
880 2284 915 2349 et
901 2277 1112 2350 thumanit
1097 2277 1180 2349 tatis
1215 2284 1268 2348 est
1299 2278 1484 2373 responsio

371 2377 532 2458 videmur
565 2387 660 2458 enirn
696 2387 851 2508 quieturi
885 2387 1014 2472 fuisse,
1050 2387 1119 2458 nisi
1144 2409 1300 2458 essemus
1325 2387 1484 2470 lacessiti,

372 2503 412 2566 ut
446 2496 483 2566 in
517 2495 585 2567 ista
613 2496 690 2591 ipsa
712 2497 874 2568 contione
899 2495 989 2568 nihil
1013 2497 1086 2568 fere
1110 2496 1244 2568 dictturn
1267 2505 1321 2569 est
1343 2497 1386 2569 ab
1408 2496 1484 2580 hoc,

372 2605 467 2701 quod
489 2605 634 2725 quidem
653 2606 800 2678 facetius
825 2605 898 2677 dict
883 2614 960 2677 tum
984 2604 1117 2677 videret
1103 2613 1180 2690 ιιι,ι
1207 2605 1303 2728 quod
1326 2631 1394 2678 non
1413 2629 1483 2701 prc-

372 2723 468 2787 vocat
469 2740 510 2787 us
518 2707 756 2811 responderit
731 2715 884 2787 tllrat
869 2723 961 2788 taut
963 2739 1018 2787 cm
1035 2724 1094 2787 tan
1098 2723 1134 2787 a
1150 2723 1263 2811 gravi
1264 2739 1302 2789 es
1320 2717 1356 2788 in
1373 2715 1483 2788 Domi·

370 2826 440 2911 tic,
475 2833 573 2897 tanta
605 2826 813 2910 auctoritas,
840 2825 1017 2919 ut‚qu0d
1049 2824 1209 2897 essetab
1233 2849 1274 2896 eo
1299 2826 1482 2910 obiect,um

370 2932 488 3030 lepcre
522 2935 635 3030 magis
670 2850 898 3019 elevanduiir,
936 2958 1043 3030 quam
1078 2934 1305 3007 contentione
1330 2936 1482 3030 frangen-

371 3045 458 3115 dum
483 3043 668 3115 videretur.

80 992 100 1080 l,

368 3228 650 3237 ——-—-----

369 3342 481 3404 spicuum
499 3346 536 3391 est
549 3340 615 3390 enim
628 3340 763 3389 Antonium
777 3340 802 3387 ιιι
817 3354 908 3403 genere
957 3340 1096 3403 designari,
1119 3354 1237 3401 quaerere
1257 3340 1329 3398 licet,
1350 3356 1390 3389 cur
1408 3338 1436 3387 ab
1455 3352 1481 3386 es

368 3422 452 3482 loqui,
474 3425 500 3469 et
520 3421 635 3469 Crassum
648 3434 699 3467 non
714 3418 760 3465 nisi
774 3418 812 3466 his
825 3416 908 3466 verbis
956 3419 1134 3467 consuetudine
1155 3434 1205 3466 uno
1226 3420 1353 3481 alteroque
1372 3421 1422 3467 loco
1434 3418 1480 3465 dis-

261 3488 263 3492 *
368 3500 507 3563 designari,
530 3498 596 3561 quod
613 3499 657 3545 isti
671 3498 792 3557 continqit
806 3499 867 3551 unis
881 3495 907 3544 in
956 3510 1052 3545 cessum
1066 3497 1105 3544 sit.
1140 3497 1164 3544 Si
1179 3497 1241 3545 ratic
1256 3500 1325 3545 nulla
1338 3498 1404 3546 reddi
1415 3500 1480 3557 pote-

368 3578 456 3641 quibus
469 3577 584 3627 revocavi
598 3576 725 3639 watinpit,
741 3590 788 3636 pro
801 3576 906 3623 aliorum
955 3573 999 3631 rit,
1018 3589 1062 3622 cur
1075 3590 1100 3622 v.
1116 3588 1139 3622 e.
1152 3575 1230 3633 infra,
1246 3578 1331 3634 5367,
1344 3576 1367 3623 ιιι
1380 3580 1479 3623 anteme-

368 3659 485 3718 coats'pit,
506 3656 622 3718 quoniam
639 3654 702 3702 illud
716 3653 839 3702 constanti
852 3653 906 3715 opi·
954 3652 1050 3701 ridianc
1070 3667 1198 3711 sermone,
1220 3654 1338 3715 scriptum
1351 3654 1419 3703 fuerit
1431 3654 1479 3699 ium

367 3736 436 3785 ιιιοιιι
449 3735 574 3783 convenit.
958 3732 1058 3789 Caesar,
1085 3732 1111 3779 in
1132 3732 1303 3793 pomeridiano
1323 3738 1412 3789 sutem,
1432 3730 1478 3777 lll.

400 3816 458 3862 229.
484 3828 558 3875 quum
584 3768 736 3865 afflictatae
748 3811 967 3870 facetiarum§
955 3810 1024 3867 §,17
1039 3811 1121 3871 inquit
1110 3809 1222 3869 trulias,
1235 3811 1478 3875 decorrigandislccis

366 3895 444 3941 ullam
460 3901 569 3952 separes
596 3891 626 3938 ln
639 3889 766 3937 nonnullis
779 3887 848 3936 libris
863 3893 905 3936 aut
954 3888 1062 3951 cogitare
1082 3888 1175 3937 licebit.
1211 3890 1290 3953 Igitur
1311 3905 1378 3947 mox,
1395 3890 1477 3947 5231,

366 3971 416 4020 Iuli
443 3972 534 4027 allam,
556 3974 598 4017 aut
618 3967 681 4025 lali,
709 3968 799 4014 omisso
819 3967 903 4014 ullam.
953 3967 1052 4015 vel't
1015 3970 1192 4029 interpolatum
1213 3974 1251 4018 est
1271 3968 1365 4027 Iulius,
1378 3970 1476 4017 reimu-

366 4054 450 4110 Quum
463 4049 591 4104 dixissem,
609 4060 731 4107 nosquam
743 4045 790 4093 isto
804 4044 904 4093 nomine
952 4046 1056 4093 tandum
1081 4046 1108 4093 in
1128 4048 1171 4095 ille
1191 4050 1231 4110 (ut
1252 4052 1264 4106 5
1287 4048 1361 4109 233),
1380 4047 1477 4107 itemque

364 4130 391 4177 in
411 4129 459 4176 hoc
479 4141 593 4175 sermone
613 4124 734 4186 appellari
756 4125 902 4181 Caesarem,
954 4128 965 4182 §
982 4125 1030 4173 235
1045 4129 1069 4173 et
1083 4127 1140 4174 296.

365 4207 447 4256 attulit
460 4205 599 4254 Ellendtius
611 4206 694 4261 5235:
708 4202 801 4252 addere
807 4206 905 4263 poterat
987 4202 1052 4263 quod
1064 4203 1266 4263 praecipiendam
1280 4206 1408 4254 videretur.
1430 4204 1474 4250 lle·

365 4292 377 4345 §
391 4288 438 4334 23¹1
455 4291 480 4333 et
490 4286 548 4342 296,
561 4288 629 4339 tum,
644 4282 715 4340 lits
726 4283 764 4330 17.
783 4280 902 4339 Quando·
952 4281 1101 4342 epistimin,
1117 4283 1191 4343 quod,
1207 4287 1219 4341 ι
1232 4285 1290 4343 221,
1304 4286 1421 4333 accesere
1427 4280 1473 4329 dic·

363 4364 464 4425 quidem
479 4370 564 4412 tamen
578 4364 674 4409 constat
688 4358 813 4406 neminem
826 4358 903 4405 alium
951 4363 1004 4407 tum
1019 4364 1085 4418 erat,
1107 4361 1175 4421 quod
1188 4376 1256 4409 nunc
1268 4362 1302 4409 ita
1315 4362 1474 4423 interpretatur

364 4444 395 4490 de
412 4438 611 4503 colloquentibus
624 4439 649 4485 in
664 4438 712 4485 hoc
726 4452 840 4485 sermone
855 4435 901 4485 nisi
952 4437 1088 4495 Antonius,
1110 4440 1180 4499 quasi
1199 4440 1252 4501 ipse
1268 4440 1356 4489 Caesar
1369 4435 1472 4489 eiusmodi

363 4521 480 4579 sollemni,
498 4518 645 4582 cognomine
666 4515 787 4578 appellari
804 4516 900 4572 solare,
950 4522 1082 4579 praecepta
1096 4518 1256 4579 promisisset.
1281 4520 1359 4582 Igitur
1372 4514 1472 4566 rancori

363 4606 415 4647 tum
442 4598 591 4647 creberrime
613 4597 743 4644 Caesarem
764 4594 846 4655 ipsum
867 4593 901 4642 ita
950 4594 1088 4653 videretur,
1107 4611 1152 4657 pro
1170 4598 1239 4659 vulg.
1254 4597 1364 4645 videtur:
1377 4596 1470 4655 itemque
