3242 5500
386 541 455 610 206
697 559 810 608 uranu
837 560 1039 611 snouunos.
1069 545 1085 626 ς
1113 541 1194 609 202.

384 744 424 801 ut
455 731 544 802 illud
576 731 697 815 initio,
733 731 830 826 quod
860 732 925 804 tibi
953 757 1063 804 unum
1098 732 1143 804 ad
1166 731 1421 826 ignoscendum
1446 731 1498 804 ho-

383 842 496 912 mines
523 840 675 926 dabant,
706 841 873 927 tenuisti,
905 850 940 913 te
975 867 1038 938 pro
1063 841 1205 913 homine
1229 842 1498 936 pernecessario,

383 957 568 1044 quaestore
599 958 683 1035 tuo,
720 948 853 1022 dicere!
891 975 997 1047 quam
1022 951 1089 1024 tibi
1113 950 1268 1048 primum
1293 952 1441 1023 munisti
1461 951 1499 1022 ad

311 1083 356 1128 roa
387 1054 455 1154 [te]
476 1058 692 1130 audiendum
710 1059 812 1130 viam.
851 1060 940 1133 Ecce
957 1070 1093 1146 autem,
1120 1085 1231 1156 quum
1246 1068 1281 1132 te
1299 1059 1390 1132 nihil
1412 1059 1498 1132 aliud

302 1248 304 1251 ,
383 1169 569 1264 profecisse
600 1167 805 1254 arbitrarer,
840 1169 909 1241 nisi
941 1179 981 1242 ut
1011 1170 1170 1242 homines
1196 1169 1281 1255 tibi,
1308 1169 1420 1242 civem
1443 1171 1499 1242 im-

383 1277 533 1374 probum
567 1277 789 1363 defendenti,
821 1278 1076 1374 ignoscendum
1106 1287 1249 1374 propter
1277 1279 1497 1351 necessitudi·
1599 1273 1600 1362 f

383 1413 464 1460 nem
498 1386 770 1472 arbitrarentur,
807 1411 944 1483 serpere
976 1389 1111 1460 occulte
1140 1388 1303 1484 coepisti,
1330 1389 1498 1461 nihildum
1599 1389 1600 1474 J

382 1497 459 1568 aliis
482 1495 761 1592 suspicantibus,
787 1521 844 1568 me
861 1521 942 1569 vero
958 1498 1028 1570 iam
1046 1498 1327 1594 pertimescente,
1355 1499 1497 1570 atillam
1599 1565 1600 1582 2

383 1631 453 1677 non
490 1604 649 1677 Norbani
684 1605 912 1692 seditionem,
951 1607 1011 1678 sed
1048 1607 1170 1703 populi
1194 1607 1347 1679 Romani
1371 1608 1496 1680 iracun-

383 1715 498 1800 diam,
532 1739 646 1809 neque
678 1739 755 1786 eam
789 1715 977 1801 iniustam,
1014 1717 1075 1788 sed
1105 1717 1264 1788 meritam
1288 1741 1330 1789 oc
1355 1716 1497 1790 debitam
1599 1751 1600 1764 ¹

383 1825 491 1896 foisse
525 1824 740 1896 defenderes.
803 1824 963 1911 Deinde,
1000 1826 1063 1921 qui
1096 1826 1192 1898 loeus
1229 1851 1249 1897 a
1287 1835 1321 1898 te
1356 1835 1495 1922 praeter·
1599 1921 1600 1924 Ἴ

384 1934 511 2005 missus
544 1942 597 2004 est
627 1933 663 2004 in
694 1933 927 2029 Caepionem!
964 1933 1013 2006 Ut
1035 1943 1076 2006 tu
1099 1934 1160 2008 illa
1183 1936 1303 2006 omnia
1326 1936 1426 2021 odio,
1449 1936 1495 2006 io·

384 2042 496 2128 vidia,
540 2042 776 2114 misericordia
814 2043 1003 2116 miscuisti!
1043 2045 1168 2141 Neque
1205 2045 1289 2116 haeo
1325 2045 1435 2117 solnm
1466 2045 1496 2116 in
1598 2051 1600 2074 ³

383 2152 607 2237 defensione,
658 2152 720 2224 sed
768 2152 895 2236 etiam·
921 2153 958 2224 in
1005 2153 1134 2224 Scauro
1180 2155 1376 2251 ceterisque
1419 2155 1497 2226 meis
1599 2169 1600 2202 ³

382 2261 551 2347 testibus,
586 2286 737 2356 quorum
764 2261 987 2346 testimonia,
1022 2286 1092 2334 non
1125 2263 1336 2350 refellendo,
1374 2264 1433 2336 sed
1459 2263 1496 2334 od

311 2393 359 2438 noo
383 2371 547 2444 eumdem
570 2371 741 2467 impetum
763 2370 886 2466 populi
910 2371 1167 2466 confugiendO,
1193 2372 1367 2445 refutasti.
1407 2374 1496 2448 Quae
1599 2365 1600 2372 '

383 2506 495 2577 quum
527 2480 590 2552 abs
623 2498 659 2551 te
687 2479 793 2550 modo
816 2490 1191 2568 commemorarentur,
1217 2482 1383 2578 equidem
1410 2480 1496 2553 nulla

383 2597 568 2688 praecepta
592 2588 852 2674 desiderabam
880 2589 983 2661 istam
1008 2590 1103 2662 enim
1127 2593 1240 2686 ipsam
1257 2591 1494 2666 demonstrati·

381 2725 486 2774 onem
509 2699 754 2772 defensionum
771 2708 913 2771 tuarum
935 2694 1012 2796 [abs
1025 2708 1061 2773 te
1071 2701 1148 2797 ipso
1163 2709 1461 2776 commemoratam
1471 2695 1493 2795 ‚l
1598 2774 1599 2779 ,

382 2811 578 2883 doctrinam
602 2831 771 2881 essenon
796 2809 1007 2882 mediocrem
1031 2819 1128 2906 puto.

431 2919 564 3015 Atqui,
613 2920 643 2991 si
682 2920 732 2991 ita
768 2919 902 3014 placet,
944 2919 1061 3015 inquit
1093 2920 1292 3008 Antonius,
1330 2922 1497 2994 trademus

383 3031 507 3115 etiam,
545 3054 636 3125 quae
668 3053 732 3101 nos
767 3028 866 3124 sequi
889 3028 926 3099 in
952 3028 1120 3115 dicend0,
1158 3054 1319 3127 quaeque
1357 3030 1495 3103 maxime

383 3148 540 3235 spectare
577 3138 739 3210 solemus.
794 3137 927 3210 Docuit
962 3139 1055 3211 enim
1091 3139 1161 3211 iam
1197 3164 1260 3211 nos
1295 3140 1401 3236 longa
1432 3140 1496 3211 vita

384 3273 540 3345 ususque
575 3244 709 3343 [rerum
732 3244 1007 3343 maximarum],
1030 3257 1091 3334 ut,
1117 3248 1247 3345 quibus
1271 3249 1377 3323 rebus
1399 3248 1497 3321 animi

383 3359 568 3432 hominum
601 3365 843 3442 moverentur,
888 3366 1096 3430 teneremus.
1161 3358 1207 3429 Et
1240 3360 1394 3455 primum
1425 3356 1493 3452 qui-

417 3657 475 3704 203.
494 3655 633 3702 bour-in
642 3651 800 3712 Caepionem!
823 3655 921 3713 Quaero
970 3652 1072 3711 crebro,
1093 3652 1119 3701 in
1139 3653 1278 3701 huiusmodi
1300 3655 1494 3710 sententiam

383 3738 504 3784 rationem
521 3732 594 3779 huius
607 3730 756 3779 nccmouvi.
780 3732 881 3788 Malim,
895 3732 922 3778 fn
970 3731 1082 3780 absolute
1095 3732 1207 3793 ponitur,
1226 3737 1265 3788 et,
1281 3732 1300 3781 si
1314 3728 1493 3781 11111111ᾱά111-

387 3814 520 3871 Caepione,
536 3815 563 3857 at
575 3813 725 3865 mortecto,
741 3811 767 3856 in
780 3810 920 3857 Scauro-.
970 3811 1030 3857 dum
1056 3810 1158 3868 fuisset,
1186 3825 1236 3859 non
1262 3816 1347 3861 tamen
1375 3812 1493 3861 addidisset

418 3891 476 3938 204.
500 3888 732 3936 demonstrationem
752 3886 922 3949 defensionum
970 3890 1144 3936 marimanam.

385 3973 494 4017 tuarum,
529 3969 614 4024 Haec,
634 3970 663 4013 ut
683 3964 715 4012 ab
732 3966 858 4015 Ellendtio
872 3966 921 4015 dio·
1004 3968 1062 4015 206.
1079 3967 1214 4017 11111111»
1226 3968 1339 4027 videare,
1357 3996 1391 4005 »-
1405 3967 1492 4030 [dasen-

384 4047 504 4103 sennam,
525 4044 647 4093 servanda
660 4048 730 4092 runt:
745 4043 923 4091 demonstratio
971 4046 1052 4107 dero]¹
1087 4044 1221 4093 Turbatam
1244 4046 1325 4095 estin
1346 4046 1492 4103 libris‚non-

384 4128 428 4176 illa
448 4124 566 4181 subiecti,
588 4123 703 4171 doctrino
719 4123 853 4184 praedicati
867 4124 923 4172 loco
971 4125 1046 4172 nullis
1059 4140 1085 4171 v.
1099 4138 1122 4173 c.
1138 4126 1207 4182 iure,
1221 4138 1268 4185 pro
1281 4126 1354 4183 aelle,
1369 4122 1492 4174 exhibenti·

385 4212 431 4255 est.
450 4204 499 4253 Sed
510 4202 623 4251 tollenda
636 4205 701 4257 runt,
714 4202 922 4263 quasillisinapte
971 4202 1029 4250 bns:
1044 4202 1088 4250 sed
1098 4199 1492 4264 utrumqueomiseruntnovissimi

385 4283 560 4339 subiiciuntur,
581 4282 625 4340 aba
644 4281 669 4327 te
684 4279 738 4339 ipso
751 4293 922 4328 commemora·
972 4280 1099 4337 Editores,
1116 4280 1219 4329 fortasse
1234 4280 1301 4341 qnod
1313 4282 1406 4343 duplex
1417 4278 1492 4329 latni-

387 4368 453 4411 tom:
474 4376 525 4410 non
545 4363 782 4407 commemoraverat
800 4359 923 4407 Antonius
970 4360 1036 4408 rivus
1049 4358 1425 4422 (wlfadofendero)displiceret
1440 4356 1492 4412 Sed,

386 4439 619 4489 demonstrationem
640 4452 725 4495 suam,
753 4437 798 4484 sed
818 4436 921 4485 demon·
972 4438 1014 4499 qui
1027 4450 1126 4485 causam
1139 4438 1201 4500 agit,
1216 4438 1339 4498 defendit,
1352 4436 1494 4487 nonoidetar

385 4523 513 4569 straverat.
971 4514 1120 4576 defendere:
1136 4514 1161 4562 11.
1177 4518 1194 4563 l.
1209 4513 1493 4579 antemagiturdeanimo

420 4610 525 4658 nonaque
551 4595 647 4657 [rerum
668 4595 856 4655 mmmmm}
892 4596 922 4643 m
971 4594 1035 4651 eius,
1050 4595 1091 4655 qui
1105 4600 1170 4657 egat,
1185 4591 1491 4656 etoalleqoa'destalicuirei
