3242 5500
481 569 595 617 nrsrn
621 569 791 620 ruamus.
820 554 837 633 §
866 553 922 621 16.
1193 555 1263 626 277

139 753 316 815 oratorem
336 766 629 836 cognoveramus,
656 743 694 814 id
715 744 832 837 ipsum
857 768 978 817 sumus
1001 746 1037 817 in
1056 769 1176 818 eorum
1193 770 1263 819 ser·

140 877 246 925 mone
271 850 482 924 adumbrare
503 853 627 925 conati.
681 852 819 929 Quodsi
836 854 915 948 quis
932 855 1017 940 erit,
1045 856 1119 951 qui,
1137 856 1265 940 ductus

139 963 309 1059 opinione
331 962 445 1057 vulgi,
470 971 531 1034 aut
554 961 753 1035 Antonium
769 964 993 1051 ieiuniorem,
1021 972 1082 1036 aut
1099 964 1265 1038 Crassum

140 1074 339 1169 pleniorem
361 1072 470 1145 fuisse
487 1078 603 1167 putet,
630 1096 736 1167 quam
753 1074 946 1167 quomodo
963 1099 984 1146 a
1000 1073 1103 1147 nobis
1120 1083 1266 1172 uterque

140 1182 311 1255 inductus
346 1190 419 1268 est,
454 1182 485 1253 is
520 1186 586 1255 erit
620 1206 663 1255 ex
686 1182 751 1268 iis,
778 1183 840 1277 qui
862 1192 923 1257 aut
945 1184 1024 1257 ilios
1049 1208 1120 1256 non
1145 1186 1264 1259 audie·

141 1293 235 1377 rint,
273 1300 334 1364 aut
365 1291 519 1365 iudicare
551 1316 622 1364 nou
654 1291 808 1388 possint:
836 1318 920 1367 nam
944 1294 1013 1367 fuit
1033 1303 1201 1391 uterque,
1228 1305 1266 1369 ut

142 1402 292 1497 exposui
320 1410 443 1487 antea,
479 1426 589 1497 quum
613 1402 730 1473 studio
752 1410 859 1498 atque
884 1404 1028 1498 ingenio
1053 1412 1086 1476 et
1107 1404 1267 1479 doctrina

140 1519 326 1606 praestans
360 1511 546 1597 omnibus,
584 1519 661 1584 tum
698 1510 735 1584 in
769 1536 833 1584 suo
855 1536 983 1608 genere
1004 1514 1199 1609 perfectus,
1227 1525 1267 1589 ut

141 1646 260 1717 neque
285 1621 322 1693 in
344 1621 501 1693 Antonio
526 1621 663 1694 deesset
686 1621 744 1694 hic
768 1632 912 1695 ornatus
937 1624 1124 1710 orationis,
1150 1650 1267 1721 neque

141 1734 179 1803 in
206 1732 335 1803 Crasso
359 1731 580 1803 redundaret.

192 1841 243 1914 Ut
266 1841 377 1937 igitur
400 1848 482 1913 ante
507 1840 689 1913 meridiem
719 1841 974 1928 discesserunt,
1001 1844 1269 1941 paullulumquo
1294 1849 1315 1916 5

142 1951 369 2047 requierunt,
408 1951 444 2023 in
481 1951 604 2047 primis
639 1950 704 2023 hoc
740 1975 761 2022 a
798 1976 835 2023 se
859 1950 963 2023 Cotta
986 1954 1267 2026 animadversum
1297 1974 1325 2024 n

142 2085 220 2133 esse
253 2059 411 2146 dicebat,
438 2084 542 2133 omne
567 2060 655 2133 iilud
678 2068 819 2156 tempus
843 2061 1078 2135 meridianum
1103 2063 1268 2137 Crassum

143 2172 181 2243 in
224 2171 391 2243 acerrima
430 2177 535 2266 atque
576 2170 809 2245 attentissima
846 2171 1057 2265 cogitatione
1090 2174 1268 2269 posuisse;

144 2304 313 2377 seseque,
350 2282 411 2376 qui
445 2280 582 2353 vultum
617 2281 713 2366 eius,
749 2303 861 2375 quum
885 2280 918 2352 ei
942 2280 1131 2354 dicendum
1157 2293 1268 2369 esset,

143 2390 380 2486 obtutumque
413 2390 593 2463 oculorum
629 2391 665 2461 in
702 2390 888 2484 cogitando
917 2389 1026 2485 probe
1051 2400 1190 2478 nosset,
1216 2403 1268 2465 at-

144 2524 215 2595 que
239 2502 276 2572 in
302 2500 464 2572 maximis
487 2500 601 2573 causis
626 2523 729 2596 saepe
753 2499 916 2585 vidisset,
941 2510 1018 2572 tum
1043 2501 1163 2575 dedita
1186 2527 1267 2597 ope·

144 2634 202 2696 ra,
240 2609 502 2706 quiescentibus
534 2610 632 2694 aliis,
667 2610 704 2681 in
730 2633 807 2680 eam
832 2609 1021 2682 exhedram
1045 2612 1200 2697 venisse,
1232 2613 1269 2683 in

145 2744 217 2816 qua
250 2720 397 2794 Crassus
433 2720 560 2792 lectulo
595 2719 707 2814 posito
740 2718 977 2806 recubuisset,
1004 2736 1185 2817 quumque
1210 2722 1268 2794 de·

145 2832 258 2902 fixum
294 2831 330 2901 in
365 2830 578 2926 cogitatione
612 2853 687 2902 esse
710 2829 896 2915 sensisset,
923 2831 1043 2902 statim
1067 2833 1269 2918 recessisse,

145 2949 252 3034 atque
286 2939 324 3011 in
356 2951 401 3011 'eo
435 2939 575 3011 silentio
610 2938 697 3010 duas
734 2937 837 3010 boras
861 2939 933 3011 fere
959 2965 1034 3012 esse
1056 2951 1266 3015 consumtus.

146 3049 307 3135 Deinde,
334 3073 443 3146 quum
468 3073 609 3134 omnes,
635 3049 806 3144 inclinato
829 3049 898 3121 iam
923 3050 959 3121 in
989 3051 1270 3146 pomeridianum

146 3170 287 3255 tempus
311 3159 387 3260 die,
414 3159 591 3230 venisseut
615 3158 660 3230 ad
689 3158 875 3244 Crassum,
904 3159 1002 3234 Quid
1026 3169 1097 3246 est,
1125 3161 1269 3247 Crasse,

146 3269 265 3364 inquit
301 3268 434 3354 Iulius,
473 3269 612 3340 imusne
646 3270 807 3340 sessum?
840 3269 906 3340 etsi
930 3268 1150 3343 admonitum
1174 3272 1270 3343 veni·

147 3404 227 3450 mus
263 3387 319 3464 te,
359 3402 430 3450 non
464 3379 674 3474 flagitatum.
728 3377 818 3448 Tum
842 3377 1009 3464 Crassus,
1035 3378 1094 3451 An
1117 3388 1271 3453 metam
1298 3411 1327 3457 rs

147 3489 390 3584 impudentem
422 3513 502 3614 esse
537 3487 765 3572 existimatis,
793 3495 833 3558 ut
861 3485 959 3559 vobis
982 3487 1046 3560 hoc
1067 3491 1271 3585 praesertim

111 3749 114 3753 ’
147 3763 249 3807 censeo,
265 3750 308 3810 qai
321 3749 685 3798 accommomataeammatra-
734 3748 822 3804 credo,
844 3760 947 3808 quorsom
966 3747 1055 3809 igitar,
1072 3749 1156 3809 inquit
1167 3748 1225 3796 ilie:
1240 3763 1273 3796 an

147 3830 200 3876 baie
211 3830 247 3886 ei,
261 3829 306 3875 aed
317 3853 359 3875 —.
735 3827 762 3873 in
781 3825 887 3872 medium
906 3826 991 3872 dham
1006 3827 1109 3887 placet?
1122 3829 1160 3874 eei
1173 3829 1237 3876 enirn
1250 3830 1273 3875 ic

180 3922 255 3970 qaam
276 3907 395 3969 quantam
415 3921 429 3954 a
442 3907 510 3954 nobie
523 3907 685 3966 exprimetur.
735 3907 843 3952 maxime
855 3918 945 3963 opacus
957 3906 983 3951 et
990 3902 1106 3967 sripr'dnr
1118 3906 1192 3953 locus.

148 3987 221 4046 Quod
234 3987 259 4034 in
272 3985 356 4048 paucis
364 3983 431 4033 libris
438 3985 554 4032 omissum
561 3989 606 4042 cst,
621 3998 685 4032 ano·
768 3982 838 4031 sedes
856 4010 888 4017 -
908 3997 956 4030 non
974 3983 1139 4043 inopportuna
1157 3988 1272 4034 emmoni.

147 4067 197 4123 tia,
213 4063 686 4124 eohaeceententiacarerenonpotest.
736 4062 866 4110 Novissimi
881 4061 993 4110 Editor-es
1006 4064 1147 4111 maluerunt
1160 4064 1229 4125 sequi
1242 4065 1272 4112 li·

180 4147 221 4194 lo.
238 4144 346 4194 sermoni
358 4169 392 4180 -
404 4143 587 4201 disputationis.
622 4141 687 4190 Alibi
734 4140 837 4189 brorum
844 4141 987 4198 lectionem,
999 4141 1156 4201 importuno:
1169 4144 1272 4191 Ellend-

148 4239 246 4286 quoque
261 4223 299 4271 his
307 4221 448 4271 nominibus
455 4222 594 4283 promiscue
602 4207 687 4270 utitur.
735 4221 783 4268 tius
797 4220 859 4268 adeo
871 4219 1040 4268 demonstrare
1046 4225 1158 4278 conatur,
1172 4223 1273 4284 elegan-

182 4305 222 4354 17.
240 4304 268 4350 r'n
283 4302 419 4362 cogitando.
454 4303 509 4358 An,
528 4302 554 4346 in
568 4313 686 4349 commen·
735 4304 773 4347 ter
787 4299 835 4346 hoc
848 4312 894 4359 pro
906 4297 1025 4359 ilioponi.
1042 4299 1103 4357 Sed,
1116 4300 1275 4358 quosexcitat

148 4382 243 4430 tando?
736 4378 817 4433 locos,
838 4376 1000 4425 adversantur
1020 4377 1042 4424 ci
1062 4376 1200 4425 doctrinae:
1216 4393 1273 4426 nem

182 4463 222 4508 18.
242 4458 434 4523 quireame'piiur,
448 4458 588 4520 inquiiille,
604 4457 687 4505 locas?
736 4460 761 4504 et
773 4455 799 4501 in
814 4454 919 4503 Salustio
934 4455 989 4517 lug.
1005 4457 1050 4512 92,
1067 4454 1094 4512 7,
1113 4459 1138 4503 ct
1149 4455 1176 4502 in
1189 4456 1274 4505 Tacito

148 4540 202 4588 Non
217 4537 532 4600 aptesicrespondeturiis,
546 4548 686 4597 quaeprae-
736 4535 802 4582 Ann.
824 4535 884 4581 XII.
908 4535 946 4580 12.
964 4533 1119 4594 importunae
1131 4532 1193 4581 nihil
1206 4535 1274 4584 aliud

147 4619 249 4676 cedunt,
257 4619 353 4665 imuane
359 4616 468 4664 aeream?
482 4615 604 4677 Scriptum
612 4613 687 4662 fuisse
736 4616 787 4670 est,
802 4611 849 4661 nisi
862 4611 966 4660 difficilis
979 4611 1057 4660 aditu.
