3242 5500
398 554 467 623 266
712 570 826 620 urana
852 570 1053 621 sncuunus.
1082 556 1099 636 §
1126 556 1209 623 359.

396 746 492 817 enim
531 752 613 816 sunt
655 743 778 830 verba,
822 766 932 838 quae,
971 745 1071 838 quasi
1109 746 1268 833 articuli,
1308 753 1515 819 connectunt

396 854 553 926 membra
575 854 760 940 orationis,
787 876 878 948 quae
903 852 1044 925 formari
1066 855 1299 928 similitudine
1321 855 1424 928 nulla
1445 881 1512 952 pos-

397 971 498 1036 sunt:
537 988 658 1035 eorum
693 962 881 1059 fingendae
911 960 1013 1034 nobis
1046 972 1130 1036 sunt
1160 965 1355 1061 imagines,
1396 965 1513 1061 quibus

399 1097 536 1170 semper
568 1081 719 1146 utamur.
772 1074 906 1144 Rerum
927 1074 1094 1145 memoria
1118 1076 1259 1170 propria
1281 1083 1335 1148 est
1357 1077 1510 1148 oratoris:

396 1208 472 1257 eam
505 1183 655 1278 singulis
688 1183 847 1279 personis
882 1180 972 1253 bene
1003 1183 1126 1278 positis
1161 1193 1281 1257 notare
1314 1210 1511 1281 possumus,

395 1302 436 1366 ut
467 1294 658 1366 sententias
689 1290 926 1388 imaginibus,
958 1292 1118 1365 ordinem
1144 1294 1229 1366 locis
1250 1295 1512 1392 comprehenda-

323 1426 370 1471 seo
395 1428 485 1476 mus.
538 1405 665 1499 Neque
697 1426 818 1473 verum
855 1409 928 1487 est,
965 1402 1062 1497 quod
1093 1402 1137 1475 ab
1168 1403 1342 1477 inertibus
1375 1406 1510 1490 dicitur,

394 1513 547 1611 opprimi
584 1511 787 1584 memoriam
825 1510 1021 1608 imaginum
1058 1514 1233 1609 pondere,
1276 1523 1311 1587 et
1344 1512 1511 1589 obscurari

394 1622 573 1709 etiamid,
600 1622 696 1717 quod
714 1645 776 1717 per
792 1646 829 1693 se
839 1629 965 1693 natura
974 1628 1094 1694 tenere
1107 1624 1288 1718 potuisset.
1329 1623 1416 1699 Vidi
1430 1626 1510 1698 enim

394 1759 460 1830 ego
485 1756 639 1806 summos
661 1730 843 1818 homines,
870 1739 905 1805 ct
926 1731 1045 1804 divina
1068 1757 1178 1830 prope
1201 1734 1386 1822 memoria,
1415 1735 1510 1808 Athe

394 1844 449 1916 nis
491 1842 746 1929 Charmadam,
790 1842 827 1912 in
856 1841 962 1927 Asia,
990 1865 1095 1937 quem
1128 1844 1242 1916 vivere
1271 1843 1377 1916 hodie
1401 1846 1507 1930 aiunt,

396 1954 578 2049 Scepsium
602 1951 866 2037 Metrodorum,
901 1975 1051 2047 quorum
1076 1959 1245 2049 uterque,
1271 1963 1452 2051 tamquam
1474 1955 1507 2026 li·

297 2102 306 2115 ·
394 2064 479 2136 teris
514 2064 551 2134 in
588 2085 685 2148 cera,
725 2061 774 2133 sic
812 2085 849 2133 se
879 2059 995 2133 aiebat
1029 2061 1245 2157 imaginibus
1279 2064 1316 2135 in
1350 2066 1395 2137 iis
1416 2066 1506 2147 locis,

395 2198 483 2269 quos
505 2171 667 2257 haberet,
694 2195 784 2267 quae
802 2171 1003 2243 meminisse
1021 2172 1125 2244 vellet
1142 2172 1364 2268 perscribere.
1404 2176 1507 2251 Quare

395 2284 458 2355 hac
482 2282 728 2355 exercitatione
750 2305 822 2353 non
845 2281 999 2353 eruenda
1020 2284 1187 2355 memoria
1208 2291 1280 2370 est,
1307 2285 1337 2356 si
1355 2293 1407 2357 est
1422 2285 1505 2356 nulla

395 2393 585 2478 naturalis,
612 2391 674 2462 sed
694 2399 806 2477 certe,
835 2391 864 2464 si
886 2392 989 2477 latet,
1016 2392 1191 2464 evocanda
1211 2401 1273 2466 est.

324 2522 367 2568 au
444 2501 595 2575 Habetis
616 2525 813 2573 sermonem
835 2499 925 2572 bene
945 2502 1092 2595 longum
1113 2501 1267 2575 hominis
1290 2504 1422 2576 utinam
1444 2527 1505 2575 non
1597 2531 1598 2592 ι

395 2612 631 2711 impudentis,
666 2610 755 2683 illud
783 2610 927 2707 quidem
950 2620 1063 2698 certe,
1090 2635 1162 2684 non
1182 2614 1289 2686 nimis
1312 2613 1504 2696 verecundi;
1597 2651 1598 2674 ι

396 2726 458 2821 qui
483 2722 648 2820 quidem,
680 2716 823 2818 [quum]
847 2728 901 2808 te,
929 2721 1074 2809 Catule,
1100 2730 1176 2795 tum
1198 2723 1304 2797 ctiam
1326 2724 1366 2798 L.
1391 2724 1505 2796 Crasso

395 2835 581 2920 audiente,
618 2832 662 2903 de
696 2831 837 2904 dicendi
859 2832 994 2904 ratione
1013 2839 1086 2904 tam
1108 2834 1221 2906 multa
1240 2834 1403 2907 dixerim:
1430 2858 1502 2905 nam
1596 2886 1597 2925 ,

394 2947 540 3017 istorum
575 2950 667 3014 actas
701 2943 820 3014 minus
854 2966 909 3013 me
939 2942 1085 3014 fortasse
1118 2968 1255 3015 movere
1288 2943 1423 3016 debuit:
1450 2943 1502 3015 sed
1596 3006 1597 3023 ,

395 3055 482 3126 mihi
519 3053 708 3148 ignoscetis
739 3052 915 3148 profecto,
955 3052 984 3124 si
1007 3052 1131 3139 mod0,
1158 3078 1248 3150 quae
1271 3079 1373 3127 causa
1393 3055 1446 3125 mc
1465 3052 1504 3123 ad
1596 3044 1598 3109 l

395 3165 485 3237 hanc
510 3162 686 3234 insolitam
712 3162 799 3233 mihi
817 3162 1062 3257 loquacitatem
1081 3163 1277 3259 impulerit,
1304 3163 1500 3260 acceperitis.

399 3375 687 3386 ...—-----.-..—·-.---

391 3505 537 3565 sitaquttur.
564 3503 653 3560 Credo,
663 3503 720 3550 huic
728 3503 931 3550 demonstrationi
981 3503 1027 3549 Xl.
1042 3505 1070 3560 2,
1085 3503 1144 3550 inde
1156 3501 1188 3550 ab
1202 3503 1281 3562 initio,
1297 3511 1322 3552 et
1335 3503 1502 3553 totumhocnr·

392 3587 584 3632 consentaneum
603 3595 655 3630 esse
670 3587 697 3629 ut
710 3583 806 3644 legatur
820 3581 929 3638 minore,
979 3586 1139 3644 gumentum,
1161 3585 1186 3630 et
1205 3581 1273 3630 hunc
1293 3583 1372 3644 ipsum
1389 3581 1502 3630 Ciceronis

391 3676 437 3724 pro
464 3662 569 3718 maiore,
598 3663 730 3722 propterea
757 3659 825 3720 quod
852 3657 930 3706 verba
979 3660 1062 3708 locum
1077 3660 1192 3722 explicat.
1220 3661 1363 3710 initiatort.
1379 3657 1501 3722 praestabit

391 3741 470 3788 multa
484 3753 536 3788 esse
549 3739 616 3796 dicit,
632 3752 694 3799 quae
702 3739 796 3785 nullam
804 3738 928 3799 propriam
979 3752 1064 3786 earum
1077 3740 1196 3800 mapulas.

392 3835 422 3868 cx
442 3818 601 3866 similitudine
623 3818 729 3865 formam
744 3816 888 3873 admittant,
903 3817 928 3864 in
1013 3818 1069 3866 360.
1087 3819 1215 3865 obscurari
1234 3819 1310 3865 etiam
1329 3819 1368 3874 id,
1387 3816 1446 3879 qaod
1456 3828 1500 3875 per

391 3896 479 3958 quibus
492 3897 566 3959 igitur
580 3910 677 3958 semper
688 3895 774 3944 iisdem
782 3894 929 3958 imaginibus
978 3911 1005 3943 cc
1018 3899 1110 3944 natura
1124 3898 1208 3944 tencre
1215 3898 1347 3958 potuisset.
1381 3897 1406 3943 ln
1422 3894 1469 3951 his,
1482 3893 1500 3941 si

391 3977 422 4024 sit
436 3976 565 4022 utendum.
979 3977 1063 4022 tencre
1082 3976 1098 4022 i.
1118 3990 1143 4036 q,
1157 3975 1275 4024 intuendo
1290 3976 1382 4032 tencre,
1396 3978 1420 4020 ut
1430 3972 1500 4019 modo

424 4068 477 4101 eam
489 4053 592 4118 mapalia
601 4053 928 4114 percontabenepocitisno·
978 4051 1118 4111 dicebatur,
1137 4058 1233 4101 rectum
1248 4058 1285 4102 est
1298 4053 1423 4102 obscurari.
1456 4052 1498 4096 Ta-

391 4136 446 4181 tare
454 4146 584 4192 possumne
596 4159 638 4180 —.
660 4133 750 4179 Totum
764 4131 832 4178 bunc
845 4132 926 4178 locum
977 4146 1035 4178 men
1056 4146 1149 4192 pronus
1169 4147 1224 4180 sum
1238 4133 1270 4180 ad
1284 4130 1461 4194 corrigendum,
1474 4135 1500 4175 ut

390 4211 449 4259 olim
463 4210 580 4268 tractavi,
595 4211 639 4258 sed
652 4211 686 4258 ita
701 4213 728 4258 ut
741 4209 928 4258 istamihinunc
977 4211 1058 4271 potius
1072 4211 1142 4258 obrui
1155 4210 1261 4272 legatur,
1276 4211 1342 4272 quod
1353 4209 1430 4256 melius
1442 4220 1497 4253 con-

389 4290 470 4336 minus
485 4287 643 4336 satisfaciant.
678 4289 784 4335 Necesse
794 4291 878 4335 tamen
891 4292 928 4335 cst
978 4289 1046 4336 venit
1065 4301 1121 4335 cunr
1135 4289 1289 4348 opprimendi
1304 4287 1387 4337 verbor
1401 4284 1463 4333 conf,
1478 4285 1496 4331 l.

389 4372 418 4416 ut
441 4369 568 4429 complura
589 4367 615 4413 in
634 4365 671 4413 his
691 4365 779 4414 vitiose
803 4368 927 4428 legantur.
978 4364 1061 4422 5116.
1099 4364 1252 4414 obscurandi
1270 4359 1498 4415 ctobraeudiverbn
1592 4416 1593 4419 Ἴ

390 4446 456 4504 Quid
470 4451 507 4494 est
520 4446 661 4493 memoriam
675 4445 779 4491 notare?
797 4445 856 4504 quid
865 4458 937 4504 pec,
976 4440 1112 4503 iunguntur
1125 4444 1213 4502 infra,
1228 4445 1277 4493 111.
1293 4447 1368 4503 5215.
1390 4443 1497 4490 Ceterum
1592 4440 1593 4443 ’

388 4539 461 4572 sonae
472 4523 646 4585 antepositae?
663 4522 755 4570 frustra
762 4530 829 4571 certe
836 4522 926 4571 hucus·
978 4521 1085 4568 conferri
1098 4527 1180 4583 potest
1186 4519 1498 4584 AnonymusDeMemoria,

390 4615 437 4662 que
457 4601 550 4650 contuli
571 4601 781 4661 Quinctilianum,
803 4601 844 4662 qui
860 4602 881 4649 1.
896 4603 926 4650 Ο.
978 4613 1051 4660 quern
1059 4613 1115 4647 cum
1124 4602 1347 4663 Apsineedidimus,
1355 4616 1378 4661 p·
1388 4598 1438 4654 159»
1446 4609 1497 4657 sqq.
