3242 5500
1175 529 1246 600 397

21 642 25 725 Ι

127 726 175 774 ΙΙΙ.
193 723 275 782 8205.
294 724 324 770 In
336 722 521 770 enumeratione
540 736 641 779 eorum,
662 720 750 782 quibus
770 719 946 768 sententiarum
964 721 1057 782 figurae
1077 715 1248 776 continentur,

290 799 391 862 ponitur
404 800 453 848 hoo
468 814 579 862 quoque:
589 813 754 860 personarum
762 799 828 861 sicta
842 798 966 857 inductio,
983 802 1021 848 uel
1027 799 1199 859 pravissimum
1212 801 1249 844 iu-

290 894 346 926 men
368 878 481 940 aupendi.
516 876 667 927 Dubitabam
681 879 805 941 primum,
826 891 857 924 an
871 881 939 926 recte
963 880 1044 925 iumen
1058 876 1182 926 diceretur
1193 891 1251 940 pra-

292 959 415 1007 vissimum
422 975 433 1012 ,·
453 963 521 1014 tum,
544 957 626 1005 dicine
638 962 722 1018 posset
736 960 817 1004 iumen
831 957 936 1016 aupendi
944 973 954 1011 ,·
968 960 1108 1018 postremo,
1127 955 1186 1016 quid
1199 969 1252 1003 om-

292 1036 352 1084 nino
366 1050 531 1095 personarum
551 1036 595 1084 illa
610 1035 722 1084 inductio
735 1035 870 1097 pertineret
883 1035 915 1083 ad
928 1034 1159 1097 amplificationem,
1179 1049 1255 1096 quum

292 1115 437 1177 praesertim
451 1129 501 1163 uno
513 1119 598 1164 tenore
613 1113 775 1163 subiiciuntnr
787 1113 861 1171 haec,
878 1114 1020 1175 descriptio,
1035 1115 1130 1161 erroris
1136 1113 1255 1171 inductio,

292 1194 326 1240 ud
339 1194 491 1242 ieiunitatem
505 1194 630 1254 impulsio,
651 1207 755 1254 quornm
767 1191 830 1239 nihil
846 1196 896 1250 est,
911 1192 977 1253 quod
991 1193 1098 1254 aspendi
1110 1205 1183 1240 causa
1197 1205 1254 1253 pro-

293 1275 408 1332 ponatur.
443 1272 546 1321 Videtur
560 1276 643 1321 autern
656 1269 849 1320 dubitationibus
861 1269 910 1318 illis
925 1271 959 1320 sic
972 1271 1069 1319 occurri
1083 1275 1213 1334 oportere,
1227 1274 1255 1318 ut

294 1338 419 1398 sumamus
439 1352 519 1398 lumen
539 1350 702 1415 (quamquam
721 1349 779 1398 alibi
800 1363 873 1411 saepe
896 1350 988 1398 servari
1008 1350 1070 1398 solet
1088 1347 1254 1398 translationis

293 1429 444 1491 proprietas,
466 1444 542 1490 quum
563 1430 653 1478 dicitur
679 1430 810 1477 luminibus
828 1429 953 1476 illustrari
973 1427 1120 1492 orationem)
1135 1428 1161 1475 h.
1175 1429 1193 1474 l.
1208 1440 1253 1488 per

294 1507 398 1556 abusum
412 1522 457 1569 pro
465 1508 567 1572 sipara,
588 1513 630 1556 aut
638 1508 735 1567 formu.
755 1505 849 1557 Crebro
863 1506 929 1554 enirn
944 1506 981 1554 his
996 1507 1099 1568 aliisque
1112 1505 1195 1555 verbis
1208 1505 1252 1552 de·

294 1586 391 1649 signare
404 1587 466 1635 solet
479 1601 521 1644 ea,
536 1601 598 1648 quae
613 1587 713 1636 Graecis
727 1591 841 1646 σχήματα
855 1583 1013 1642 dicebantur,
1029 1599 1074 1633 nec
1086 1578 1182 1634 tan‘tum
1194 1583 1252 1632 sim-

295 1665 391 1726 pliciter
412 1666 504 1712 lumina
524 1666 651 1714 cerberum
669 1669 695 1713 et
712 1665 892 1713 sententiarum
910 1664 1050 1725 appellare,
1066 1664 1109 1712 sed
1127 1662 1167 1728 (ut
1185 1663 1253 1712 Orat.

296 1747 308 1801 ξ
326 1742 386 1807 181)
399 1745 470 1803 quasi
477 1744 580 1804 fumas
591 1746 616 1792 et
631 1745 738 1801 luminu,
758 1747 783 1790 et
795 1741 895 1806 (supra,
911 1742 960 1790 ΙΙΙ.
974 1747 986 1800 §
1001 1741 1045 1806 96)
1059 1745 1185 1792 uerborum
1199 1756 1253 1788 sen·

297 1823 480 1883 tentiurumque
491 1823 570 1882 flores
588 1824 614 1869 et
626 1823 745 1884 quaedam
758 1822 864 1884 insipuia
876 1823 903 1868 et
917 1820 1009 1869 luminu
1022 1821 1049 1869 in
1062 1823 1169 1878 ornatu,
1184 1819 1255 1869 sicuti

290 1901 381 1961 florem
395 1903 420 1948 et
433 1900 553 1948 tamenin
567 1901 653 1948 eadem
667 1914 694 1948 re
705 1900 836 1948 coniuncte
851 1899 961 1961 appellat
975 1901 1044 1947 Brut.
1061 1905 1072 1958 ξ
1088 1899 1129 1947 59.
1141 1903 1165 1946 et
1176 1899 1218 1957 66,
1232 1903 1257 1945 ct

298 1979 361 2037 233,
383 1983 407 2026 et
425 1977 484 2025 ibid.
508 1984 521 2037 ξ
543 1976 605 2035 275,
625 1981 718 2027 lumina
735 1978 845 2041 appellat
860 1980 985 2040 tamquam
998 1979 1103 2042 iusipnic
1117 1979 1143 2026 in
1157 1979 1255 2024 ornatu.

301 2059 386 2117 ltaque
406 2057 431 2103 h.
453 2057 471 2103 l.
485 2071 536 2104 non
549 2058 729 2118 repudiandum
744 2063 780 2106 est
794 2056 861 2118 quod
874 2056 964 2104 dicitur
975 2057 1146 2117 pronissimum
1159 2056 1256 2114 iumen,

297 2135 313 2182 i.
328 2150 351 2183 e.
366 2148 394 2182 ea
407 2135 487 2182 forma
500 2135 649 2194 sententiae,
668 2138 731 2197 qu'ae
744 2135 880 2198 plurimum
895 2134 1021 2198 gravitatis
1037 2134 1155 2182 continet.
1184 2131 1258 2191 Quod

298 2217 381 2261 autem
394 2213 484 2261 dicitsn
499 2214 579 2262 lumen
591 2215 711 2277 aspendi,
725 2213 785 2262 ferri
798 2214 868 2260 nullo
883 2213 957 2260 modo
965 2218 1054 2274 potest,
1071 2212 1191 2274 siquidem
1200 2212 1256 2259 nul-

297 2292 350 2339 lum
369 2291 444 2339 rhum
460 2292 602 2342 Genitivum
616 2291 752 2341 adsciscere
765 2293 829 2340 solet
844 2294 940 2339 Nomen
954 2292 1068 2349 luminis,
1082 2291 1129 2339 nisi
1143 2291 1194 2339 eius
1206 2290 1257 2348 rei,

298 2370 324 2418 in
344 2385 393 2432 qus
411 2371 506 2418 lumina
526 2371 571 2419 illa
590 2375 701 2429 exstant,
717 2376 745 2419 ut
759 2372 775 2417 1.
789 2371 925 2428 orationis,
946 2375 988 2418 aut
1010 2369 1123 2427 dicendi,
1139 2373 1165 2418 et
1177 2371 1258 2419 nerbo-

215 2436 218 2442 ’
302 2463 358 2497 rum
371 2453 414 2497 aut
425 2451 621 2498 sententiarum:
643 2454 695 2497 tum
714 2455 798 2499 manet
814 2449 855 2507 id,
871 2449 937 2510 quod
943 2449 1007 2507 dixi,
1022 2449 1092 2496 illam
1094 2461 1259 2509 personarum

301 2527 467 2576 inductionem
487 2526 573 2575 referri
595 2541 644 2575 non
663 2541 735 2588 posse
756 2528 787 2576 ad
805 2528 1030 2589 amplificationem.
1066 2530 1135 2575 Haec
1155 2526 1260 2574 vitiant

299 2606 422 2664 vitentur,
436 2607 542 2654 duorum
557 2604 636 2654 Codd.
650 2604 872 2669 Bambergcnsium
878 2606 1011 2654 lectionem
1019 2604 1195 2654 restituendam
1201 2618 1259 2651 cen-

300 2697 355 2742 seo,
378 2685 459 2732 iumen
480 2684 582 2748 apendi,
604 2684 621 2730 i.
641 2697 663 2730 e.
684 2683 710 2731 in
730 2683 783 2746 ipsa
801 2685 905 2733 actione.
949 2686 987 2732 De
1006 2683 1139 2732 verborum
1160 2683 1260 2730 illorum

300 2762 403 2827 (cupere
423 2768 448 2812 et
465 2762 551 2827 apere)
572 2762 717 2811 confusione
729 2762 756 2809 in
769 2762 838 2811 libris
852 2764 902 2811 dixi
915 2764 946 2811 ad
960 2766 995 2812 ΙΙ.
1011 2768 1023 2822 ξ
1037 2761 1099 2811 317:
1114 2768 1168 2811 tum
1179 2762 1260 2824 ipsum

300 2842 378 2900 illud,
391 2843 503 2905 praviter
514 2855 601 2902 apere,
615 2841 715 2903 ponitur
728 2842 798 2889 Brut.
815 2846 826 2899 ξ
844 2844 884 2890 89.

132 2922 182 2968 Ill.
202 2921 285 2979 5206.
304 2934 430 2969 armorum
451 2924 489 2969 est
507 2924 545 2970 nei
562 2922 595 2968 ad
614 2934 685 2968 usum
702 2919 864 2968 comminatio.
900 2921 959 2969 Sero
981 2921 1081 2969 demum
1096 2919 1261 2968 animadverti

301 2999 444 3048 Schutziurn
464 3000 584 3048 corexisse
603 3000 775 3057 communitio,
800 3012 860 3061 prae
879 3014 926 3060 qua
941 3014 1020 3046 meam
1036 2999 1202 3047 coniecturam
1217 2999 1260 3046 de-

302 3092 357 3126 sero
371 3077 532 3142 (quamqnam
550 3079 618 3126 haud
638 3077 787 3127 dissimiliter
809 3077 908 3126 Caecin.
929 3082 941 3136 ξ
964 3079 1012 3136 43,
1031 3092 1108 3140 neque
1123 3080 1176 3127 ictu
1188 3077 1259 3126 corni·

302 3171 362 3214 nus,
384 3171 461 3219 neque
473 3159 620 3205 coniectione
635 3159 753 3215 telorum,
772 3161 796 3205 et
810 3158 883 3204 Tusc.
899 3156 943 3203 lv.
959 3159 971 3214 ξ
988 3158 1032 3217 50,
1049 3158 1115 3207 uideo
1129 3158 1262 3220 utrumque

304 3238 412 3283 cominus
431 3237 483 3283 ictu
504 3238 620 3284 cecidisse
639 3237 773 3284 contrario.
808 3234 893 3282 Livius
915 3234 1023 3283 XXVII.
1049 3237 1070 3283 l.
1095 3237 1138 3295 10,
1155 3237 1262 3284 corninus

303 3315 376 3362 acies.
411 3314 504 3363 Plinius
518 3316 550 3363 H.
566 3317 597 3362 N.
613 3315 648 3361 ΙΙ.
664 3320 677 3373 5
694 3315 753 3372 172,
769 3312 849 3360 medio
863 3314 988 3361 terrarum
999 3316 1263 3365 -crernataeominus

306 3393 418 3457 ardore.)
432 3394 519 3454 Supra,
533 3395 554 3442 1.
571 3398 583 3452 §
598 3394 639 3451 32,
658 3395 741 3441 tenere
753 3406 833 3451 arma,
849 3392 936 3454 quibus
952 3394 1012 3453 [uei]
1030 3396 1109 3442 tectus
1122 3395 1173 3455 ipse
1186 3394 1261 3456 [esse]

300 3471 381 3531 possis
393 3473 432 3519 rei
438 3485 574 3531 prouocare
586 3472 707 3531 improbos
720 3492 770 3517 —:
789 3471 925 3532 eodemque
940 3471 1013 3518 modo
1028 3473 1097 3521 Orat.
1113 3474 1178 3532 288,
1193 3473 1264 3523 caute

307 3550 401 3609 uitare,
423 3555 448 3599 et
461 3551 550 3611 petere
570 3550 721 3599 uehementer
740 3549 805 3598 inter
828 3564 869 3609 se,
888 3550 915 3597 in
932 3551 1019 3599 eodem
1033 3557 1192 3614 argumento,
1208 3551 1263 3599 iun-

307 3632 411 3691 guntur:
427 3629 494 3677 conf.
507 3632 528 3678 Ι.
545 3630 602 3676 202.

138 3708 189 3756 ΙΙΙ.
210 3706 289 3765 5213.
308 3708 391 3755 Minus
405 3708 558 3756 considerate
572 3708 676 3756 tortam
689 3706 799 3755 dubitavi
814 3708 845 3756 de
858 3707 922 3767 illis,
938 3722 1012 3771 quum
1025 3710 1165 3772 reparetur.
1195 3708 1267 3757 Certe

309 3786 396 3834 eodem
411 3787 485 3835 modo
500 3790 572 3835 Tuae.
587 3788 618 3834 V.
634 3792 647 3845 §
665 3788 721 3834 108.

139 3865 190 3911 ΙΙΙ.
211 3866 294 3920 5223.
311 3867 496 3927 sententiaeque
515 3880 587 3926 saepe
605 3867 694 3913 acutae
713 3892 746 3898 -
764 3865 962 3925 praetervolant.
998 3868 1054 3915 Non
1073 3865 1202 3928 oportebat
1219 3864 1268 3912 dici

307 3944 371 3991 illud
391 3958 464 4003 saepe
476 3944 543 4001 fieri,
561 3944 630 4005 quasi
643 3942 776 4004 aliquando
788 3947 872 3991 tamen
885 3949 957 3993 acuta
970 3945 1091 3994 sententia
1105 3960 1120 3993 a
1132 3959 1182 3993 non
1196 3949 1268 3993 acuto

310 4021 410 4070 homine
424 4022 585 4083 exciperetur.
603 4023 665 4081 Sed,
679 4037 755 4083 quum
769 4020 852 4072 verbis
865 4027 890 4071 et
900 4023 1027 4072 sententiis
1042 4028 1165 4073 constaret
1177 4024 1269 4081 oratio,

311 4105 336 4148 et
360 4100 419 4148 huie
445 4101 509 4149 actio
536 4095 718 4163 opponeretur,
744 4101 870 4163 scripsisse
890 4101 950 4150 mihi
968 4102 1067 4151 videtur
1087 4104 1271 4165 sententiaeque

311 4179 378 4239 ipsae
396 4182 484 4227 acutae
503 4207 551 4239 —,
571 4180 587 4226 i.
607 4194 629 4227 e.
644 4179 756 4241 quamvis
769 4184 864 4229 acutae.
899 4180 1083 4231 Vocabulorum
1095 4182 1198 4231 ntorum
1211 4196 1271 4230 eon-

312 4255 433 4306 fusionem
446 4273 521 4321 supra
535 4258 665 4320 aliquoties
678 4258 795 4307 indicavi.

143 4337 195 4384 ΠΙ.
217 4340 229 4393 ξ
246 4338 304 4383 225.
322 4338 365 4399 qui
386 4339 487 4399 inflaret
506 4338 621 4386 celeriter
639 4352 694 4385 eum
707 4352 806 4398 sonum,
821 4353 867 4401 quo
878 4367 919 4387 -.
954 4340 1001 4388 Vix
1015 4339 1146 4389 ferendum
1160 4344 1196 4389 est
1210 4338 1274 4387 illud

314 4417 429 4464 celeriter
440 4418 529 4479 inflare
542 4431 642 4475 sonum,
656 4418 723 4477 quod
736 4432 787 4465 non
801 4419 848 4465 nisi
861 4418 886 4466 in
901 4419 1043 4467 continuato
1058 4420 1136 4477 flatu,
1151 4419 1208 4467 etin
1215 4419 1272 4479 plu·

315 4493 382 4543 ribus
402 4496 467 4544 sonis
485 4496 533 4544 dici
549 4510 621 4558 posse
633 4495 746 4555 videtur,
765 4512 869 4558 quorum
881 4498 942 4545 alius
957 4498 1032 4545 aliurn
1046 4500 1161 4546 celeriter
1176 4498 1273 4559 excipe-

316 4579 361 4621 ret.
396 4576 449 4623 Nec
474 4573 591 4623 credibile
612 4580 663 4632 est,
690 4576 803 4623 Graccho
823 4576 995 4634 contionante,
1021 4578 1181 4625 fistulatorem
1203 4576 1275 4624 illum
