3242 5500
482 526 596 575 mena
622 526 792 609 ptumus.
822 508 839 589 §
867 509 924 576 93.

1197 509 1267 577 315

143 724 217 771 sam
250 698 413 770 iuventus
444 707 564 770 nostra
597 698 789 771 dedisceret
820 722 931 793 paene
955 698 1138 785 discendo,
1166 701 1269 773 etiam

142 808 283 893 Latini,
309 807 339 879 si
361 805 417 879 dis
440 807 574 902 placet,
604 806 669 879 hoc
693 807 838 879 biennio
862 808 1023 901 magistri
1046 807 1188 879 dicendi
1210 834 1268 881 ex·

144 917 330 1002 stiterunt;
356 940 443 1011 quos
469 940 534 1012 ego
556 940 678 989 censor
701 916 816 988 edicto
841 941 919 988 meo
945 917 1174 1004 sustuleram,
1198 942 1269 991 non

144 1050 215 1122 quo
251 1029 305 1112 (ut
337 1026 454 1099 nescio
487 1051 575 1122 quos
601 1026 716 1097 dicere
738 1024 894 1112 aiebant)
921 1027 999 1098 acui
1021 1026 1165 1120 ingenia
1187 1028 1269 1099 ado·

144 1136 354 1209 lescentinm
383 1136 535 1221 nollem,
567 1134 629 1207 sed
663 1142 782 1229 contra
811 1136 955 1230 ingenia
979 1134 1128 1208 obtundi
1151 1137 1270 1223 nolui,

144 1244 360 1317 corroborari
387 1244 656 1339 impudentiam.
708 1246 802 1316 Nam
823 1244 918 1339 apud
944 1246 1115 1331 Graecos,
1138 1246 1269 1317 cuicui-
1296 1270 1328 1313 oi

145 1354 243 1426 modi
279 1361 413 1439 essent,
439 1352 603 1437 videbam
632 1360 750 1424 tamen
774 1377 871 1439 esse,
898 1361 1037 1449 praeter
1059 1352 1148 1426 hanc
1173 1379 1270 1426 exer-

145 1463 350 1535 citationem
388 1463 550 1558 linguae,
590 1462 785 1535 doctrinam
814 1462 969 1558 aliquam
992 1471 1027 1535 et
1051 1462 1272 1536 humanitate

145 1574 292 1669 dignam
314 1572 514 1644 scientiam:
542 1571 605 1645 hos
627 1596 707 1643 vero
729 1595 836 1643 novos
858 1572 1043 1666 magistros
1060 1571 1270 1666 nihilintel·

145 1681 301 1777 ligabam
333 1706 435 1777 posse
468 1681 610 1767 docere,
647 1681 717 1752 nisi
741 1689 781 1752 ut
805 1681 995 1767 auderent3
1022 1682 1138 1778 quod,
1165 1684 1271 1754 etiarn

145 1816 225 1863 curn
253 1789 360 1862 bonis
386 1790 490 1863 rebus
512 1790 760 1876 coniunctum,
787 1790 1038 1885 perseipsum
1056 1799 1270 1887 estmagno·

145 1924 228 1995 pere
253 1898 474 1994 fugiendum.
515 1898 594 1972 Hoc
612 1924 723 1996 quum
739 1923 852 1971 unum
870 1899 1082 1986 traderetur,
1108 1910 1144 1973 et
1160 1926 1272 1998 quum

145 2008 389 2104 impudentiae
423 2008 528 2080 ludus
552 2018 662 2093 esset,
689 2009 810 2103 putavi
833 2033 909 2080 esse
931 2010 1101 2095 censoris
1128 2035 1173 2081 ne
1195 2012 1270 2082 lon·

146 2119 228 2213 gius
257 2118 295 2189 id
321 2125 493 2213 serperet,
521 2116 714 2212 providere.
768 2119 995 2213 Quamquam
1018 2143 1090 2190 uon
1113 2119 1198 2191 haec
1223 2120 1273 2191 ita
1297 2148 1328 2193 aa

147 2235 265 2300 statuo
294 2241 399 2321 atque
424 2227 594 2313 decerne,
621 2234 662 2297 ut
685 2225 866 2322 desperem
890 2227 1015 2299 Latine
1037 2252 1097 2314 ea,
1123 2229 1168 2300 de
1192 2229 1270 2323 qui·

147 2336 216 2407 bus
248 2324 526 2431 disputavimus,
564 2335 655 2432 tradi
692 2360 731 2407 cc
756 2335 941 2431 perpoliri:
967 2338 1101 2432 patitur
1122 2338 1216 2410 enim
1238 2346 1272 2409 et

147 2446 271 2540 lingua
301 2453 439 2530 nostra,
467 2452 501 2517 et
521 2453 648 2517 natura
668 2468 784 2516 rerum
805 2451 955 2516 veterem
980 2446 1076 2518 illam
1099 2447 1270 2519 excellen-

148 2564 291 2649 temque
324 2553 550 2649 prudentiam
580 2555 794 2625 Graecorum
816 2554 862 2625 ad
885 2562 1045 2626 nostrum
1070 2580 1174 2653 usum
1197 2582 1270 2629 ino·

147 2688 294 2760 remque
329 2662 526 2735 transferri:
567 2662 628 2735 sed
665 2662 869 2735 hominibus
904 2688 993 2758 opus
1029 2673 1082 2736 est
1104 2667 1270 2754 eruditis,

148 2773 212 2868 qui
236 2773 369 2858 adhuc,
393 2773 429 2844 in
454 2772 519 2844 hoc
544 2773 688 2869 quidem
710 2796 855 2867 genere,
878 2773 987 2845 nostri
1003 2774 1093 2874 nulli
1109 2775 1270 2862 fuerunt,

148 2884 203 2954 sin
230 2881 372 2978 quando
390 2882 606 2968 exstiterint,
633 2883 738 2954 etiarn
753 2881 894 2954 Graecis
907 2891 1010 2954 erunt
1022 2886 1269 2979 anteponendi.

148 3087 445 3100 ——Q

147 3213 229 3274 posita
249 3216 315 3260 suut.
351 3211 440 3260 Sanam
455 3211 601 3260 sententiam
615 3211 687 3260 resti·

147 3297 247 3340 tuemur
261 3290 310 3338 hoc
321 3290 406 3338 modo:
423 3291 494 3352 quod,
510 3291 585 3337 etiam
599 3292 621 3336 ai
633 3305 687 3337 cum

148 3371 218 3418 tonia
243 3371 318 3416 rebus
344 3369 499 3416 contanciam
521 3369 686 3425 medendam,

143 3448 327 3508 perseipsum
341 3473 382 3493 —-.

182 3528 209 3573 et
235 3540 310 3587 quum
337 3525 503 3585 impudentiae
524 3524 687 3572 indurescat.

148 3604 272 3652 Postulari
294 3609 367 3665 puto,
390 3607 417 3650 ut
435 3603 602 3662 impudentiae
616 3603 688 3650 ludus

148 3681 173 3729 in
199 3681 343 3742 praedicato
364 3681 457 3728 dictum
478 3681 623 3742 accipiaturs
649 3687 687 3739 et,

148 3760 267 3821 quoniam
286 3760 313 3808 in
333 3759 380 3807 hac
400 3760 522 3808 sententia
542 3759 586 3806 toa
598 3773 687 3817 anam,

148 3852 239 3900 nempe
253 3838 358 3894 audere,
372 3838 414 3884 vix
431 3836 533 3886 subiecti
547 3838 630 3886 locum
645 3852 687 3886 ex-

149 3917 216 3977 plet,
232 3915 368 3978 legendum
382 3916 554 3978 cementaque
568 3917 626 3976 imp.
642 3919 657 3963 1.
666 3931 687 3963 e.

182 3996 223 4042 95.
242 3996 273 4041 ut
291 3992 416 4054 desperem
429 3993 518 4042 Latine
532 4009 560 4042 ea
573 4019 607 4030 -
620 3995 688 4042 tradi

149 4087 178 4120 ac
185 4072 321 4131 perpoliri.
342 4073 399 4120 Non
411 4072 503 4120 accedo
517 4072 632 4130 Peareio,
647 4070 688 4132 qui

149 4151 261 4198 additum
274 4148 417 4210 requirebat
425 4163 506 4210 posse.
538 4152 594 4199 Non
608 4149 688 4212 agitur

149 4229 180 4278 de
194 4243 233 4288 eo,
247 4234 333 4276 utrum
348 4228 401 4276 fieri
413 4228 479 4276 istud
486 4228 574 4290 possit,
590 4242 686 4277 necue:

150 4307 207 4365 sed,
229 4323 262 4355 an
276 4307 410 4367 aliquando
424 4307 553 4364 exsistant,
571 4307 613 4367 qui
625 4306 689 4354 illud

149 4384 252 4434 faciant:
268 4389 294 4434 et
302 4419 309 4443 ,
324 4385 387 4433 sieut
401 4385 532 4444 desperare
543 4399 600 4434 cum
607 4387 687 4434 Accu·

150 4464 227 4512 sativo
240 4463 332 4512 obiecti
346 4464 469 4526 iungitur,
492 4470 518 4512 nt
532 4465 556 4512 d.
569 4466 688 4519 sautem,

150 4541 182 4588 ita
195 4542 221 4589 h.
236 4543 254 4590 1.
270 4555 329 4589 cum
343 4543 478 4591 Infinitive.
508 4545 586 4601 Tum,
600 4541 686 4590 viden·

737 3210 805 3266 dum,
820 3224 852 3256 an
865 3209 942 3267 infra,
961 3215 974 3270 ξ
991 3210 1046 3268 147,
1061 3213 1274 3274 recteillndpoace

736 3289 850 3336 addatur.

770 3370 795 3414 et
816 3367 899 3430 linqua
918 3367 1004 3414 nostra
1023 3371 1049 3415 et
1068 3369 1161 3416 natura
1179 3384 1272 3418 rerum.

737 3445 857 3506 Apparet,
871 3445 954 3502 credo,
967 3445 1137 3493 Romanorum
1144 3461 1207 3508 quae
1214 3463 1272 3509 pro·

737 3521 791 3583 pria
810 3521 860 3569 sint
880 3509 987 3570 consciri
1001 3537 1058 3570 cum
1072 3525 1184 3572 Graccis:
1197 3525 1274 3588 igitur

736 3604 804 3647 recte
831 3600 923 3660 petitur
949 3608 1122 3663 argumentum
1150 3617 1163 3650 e
1184 3603 1274 3651 Latina

737 3678 834 3741 lingua,
850 3692 913 3738 qnae
926 3679 1027 3729 minime
1041 3682 1273 3730 excludatveterem

736 3755 819 3814 illam,
839 3771 929 3817 nempe
943 3762 968 3806 et
981 3758 1116 3821 cogitandi,
1130 3765 1273 3821 etpronun·

736 3834 816 3882 tiandi
841 3837 992 3884 Graecorum
1011 3838 1184 3898 prudentiam.
1224 3841 1274 3888 Sed

737 3913 830 3961 natura
846 3927 931 3962 rerum
944 3916 1061 3963 Romanis
1072 3914 1147 3964 tribui
1160 3924 1273 3979 nonpot·

738 3996 803 4049 erat,
832 3992 970 4054 diciturque
993 3994 1018 4042 in
1044 3997 1150 4044 multum
1176 3997 1275 4044 diverso

738 4077 897 4132 argumento:
918 4087 1003 4120 rursus
1020 4073 1068 4122 alio
1082 4075 1156 4122 modo
1169 4075 1275 4121 naturae

738 4162 824 4196 reram
843 4154 901 4198 sunt
922 4150 1114 4214 intelligendae,
1138 4157 1273 4213 utsupra,

740 4229 813 4286 526,
832 4233 857 4276 et
869 4229 947 4287 infra,
966 4233 978 4287 ξ
996 4229 1050 4278 127.
1085 4228 1183 4278 Licebit
1195 4230 1272 4278 conii-

738 4306 1272 4372 cere‚scriptumfuisseaatarainpeaiorum,

738 4384 809 4432 sicuti
824 4385 845 4432 I.
861 4389 873 4444 §
890 4387 934 4442 15,
948 4387 1024 4434 finin
1032 4387 1119 4434 eodem
1126 4393 1273 4449 argumento

738 4460 832 4510 dictum
852 4467 902 4519 est,
922 4462 1019 4523 ingenia
1038 4465 1179 4512 nostrorum
1197 4463 1272 4512 aomi-

738 4554 811 4612 num5
827 4555 898 4599 mox,
914 4546 926 4599 ξ
940 4543 985 4599 97,
1000 4542 1067 4600 dicit,
1080 4542 1271 4606 ingenioveatra.
