3242 5500
368 527 439 595 348
697 548 810 596 urana
838 549 1007 598 0000000.
1037 533 1054 612 t
1085 530 1163 601 171.

368 744 457 815 0000
493 744 604 815 quum
640 719 785 792 dixisset
820 722 857 793 in
892 721 1084 794 Albucium
1121 721 1294 809 illudens,
1324 748 1369 795 00
1394 750 1414 796 0
1438 749 1490 796 me

368 828 510 923 quidem
534 828 723 901 abstinuit:

420 993 586 1072 Crassum
609 998 711 1072 10100
728 1025 903 1097 panaretos,
933 1026 974 1072 ne
993 1000 1242 1074 rlretorz‘coiaro’
1264 1015 1302 1074 10
1324 1002 1384 1075 sis.

370 1156 468 1232 Quid
496 1159 604 1250 ergo?
630 1157 696 1228 iste
721 1157 887 1243 Crassus,
914 1158 1081 1253 quoniam
1103 1161 1178 1231 eius
1201 1158 1359 1232 abuteris
1385 1163 1490 1232 nomi·

369 1291 432 1351 ne,
469 1265 557 1360 quid
589 1266 720 1338 efficit?
757 1266 847 1338 illud
870 1267 1031 1361 quidem;
1058 1268 1189 1341 scilicet
1214 1276 1254 1340 ut
1278 1269 1340 1341 ille
1365 1271 1491 1356 voluit,

369 1384 404 1447 01
429 1400 494 1470 ego
520 1375 641 1446 vellem
655 1408 663 1460 ;
691 1375 816 1446 melius
839 1376 1038 1470 aliquanto,
1065 1402 1172 1473 quam
1195 1377 1382 1451 Albucius.
1429 1379 1491 1450 Ve-

296 1501 345 1550 172
368 1510 447 1557 rum
472 1485 510 1556 in
535 1508 592 1554 me
617 1485 761 1579 quidem
783 1485 869 1556 lusit
893 1485 972 1571 1110,
1000 1495 1041 1558 01
1066 1487 1164 1559 solet.
1206 1487 1276 1558 Sed
1299 1497 1353 1560 001
1379 1495 1492 1560 tamen

370 1595 454 1666 haec
478 1593 658 1665 collocatio
678 1594 847 1665 servanda
863 1593 1065 1680 verborum,
1093 1595 1136 1666 de
1154 1621 1224 1690 qua
1241 1596 1385 1690 loquor,
1411 1622 1493 1692 quae

370 1705 527 1776 iunctam
560 1703 753 1773 orationem
789 1703 935 1788 efficiat,
974 1728 1063 1799 quae
1100 1703 1365 1790 cohaerentem,
1411 1730 1493 1801 quac

370 1813 500 1897 levem,
538 1835 628 1906 quae
663 1811 894 1906 aequabiliter
922 1813 1110 1898 fluentem,
1142 1809 1195 1908 [id
1219 1809 1490 1908 assequemini]

371 1923 401 1994 si
429 1916 564 2016 [verba]
593 1929 747 1991 extrema
771 1946 853 1992 cum
877 1922 1174 2016 consequentibus
1199 1923 1323 2017 primis
1348 1924 1401 1995 ita
1422 1925 1491 1994 iun·

370 2039 519 2127 gantur,
558 2038 598 2100 ut
633 2053 677 2100 00
713 2053 834 2124 aspere
870 2039 1096 2116 concurrant,
1129 2056 1215 2103 neve
1238 2032 1370 2103 vastius
1398 2033 1491 2104 didu-

369 2150 505 2212 cantur.

298 2249 347 2314 44
421 2248 525 2319 Hanc
550 2247 771 2341 diligentiam
796 2247 1024 2343 subsequitur
1047 2250 1173 2322 modus
1199 2251 1303 2322 etiam
1331 2260 1367 2323 et
1391 2252 1494 2323 forma

301 2374 346 2424 rra
371 2357 574 2441 verborum3
610 2357 705 2451 quod
739 2358 807 2428 iam
845 2381 962 2428 vereor
998 2382 1043 2428 00
1076 2359 1159 2430 huic
1189 2360 1315 2432 Catulo
1341 2361 1495 2433 videatur

377 2493 451 2540 0000
485 2466 629 2562 puerile.
690 2465 821 2538 Versus
856 2467 950 2538 eninr
983 2475 1114 2540 veteres
1150 2468 1203 2540 illi
1235 2470 1272 2540 in
1295 2469 1362 2542 hac
1388 2470 1495 2542 soluta

377 2577 533 2648 oratione
564 2576 838 2671 propemodum,
865 2575 929 2648 hoc
955 2584 1027 2662 est,
1053 2601 1217 2649 numeros
1242 2579 1415 2674 quosdam
1439 2604 1495 2649 00

377 2853 415 2900 his
428 2848 511 2899 verbis
523 2853 603 2897 totum
616 2848 688 2895 illum
698 2850 782 2895 locum
794 2848 913 2898 (1010000-
963 2865 1050 2912 posse,
1079 2852 1098 2898 si
1126 2853 1236 2914 legatur,
1258 2852 1498 2913 interspirationibus

376 2927 508 2977 lationibus
528 2927 628 2975 videtur
648 2927 812 2984 concludere,
834 2927 915 2976 minus
964 2930 1042 2985 enirn,
1061 2944 1109 2977 000
1122 2930 1312 2993 defatipationis
1326 2932 1427 2978 nostrae
1439 2931 1495 2977 tam·

378 3013 435 3069 apta
449 3011 486 3053 001
501 3005 648 3054 Coniunctio
660 3005 754 3062 uatem,
768 3005 913 3065 requiritur·
964 3021 1036 3068 quam
1044 3009 1202 3055 librariorum
1210 3009 1283 3067 notis,
1296 3010 1321 3055 et
1328 3010 1497 3056 verborum—.

378 3100 426 3147 que
446 3086 534 3144 icitur.
569 3086 602 3131 Et
621 3083 718 3141 statim,
740 3088 753 3141 §
776 3084 836 3141 170,
850 3084 915 3132 redit
963 3085 1210 3147 Atqueinterpretor,
1223 3088 1441 3148 interspirationes
1451 3102 1499 3136 0000

378 3165 410 3213 ad
437 3164 579 3225 generalem
605 3161 674 3207 illam
700 3158 914 3220 observationem,

378 3257 452 3304 quam
466 3244 628 3301 proposuerat
642 3243 654 3297 ξ
670 3240 726 3287 152.

414 3321 470 3368 172.
488 3318 614 3366 0011000110
629 3318 757 3364 servanda.
776 3319 899 3379 Kayserus
908 3352 914 3376 ‚

379 3412 419 3445 me
433 3402 547 3453 auctore,
562 3395 610 3444 hoc
631 3395 754 3456 suscepit,
768 3411 815 3457 pro
828 3396 916 3445 vitioso

380 3476 551 3523 commanda.
583 3475 621 3522 110
634 3487 733 3521 seruare
746 3479 814 3523 recte
827 3474 916 3523 dicitur

380 3558 393 3613 ξ
410 3555 455 3602 191
471 3559 496 3601 01
508 3567 559 3613 seq.
575 3553 671 3601 01193.

414 3647 476 3693 qnae
489 3632 598 3679 iunctam
611 3631 748 3678 orationem
759 3632 858 3693 qiicict.
878 3632 917 3679 Sic

380 3710 476 3758 correxi
495 3710 565 3772 vulg.
586 3710 675 3772 aaut,
696 3709 812 3769 quonism
825 3710 859 3757 ita
873 3710 916 3755 de-

380 3801 448 3835 mum
469 3788 599 3835 consilium
620 3787 757 3848 explicatur
777 3787 847 3835 istius
865 3788 917 3835 col·

379 3865 517 3913 1000110010.
542 3868 615 3923 Mox,
628 3864 916 3925 beneKayserusieaem‚

380 3958 426 4005 pro
440 3944 531 3989 lenem:
550 3943 678 4003 eidemque
690 3944 744 3991 viro
757 3943 917 3992 doctoliben·

380 4027 419 4069 ter
433 4021 544 4068 concedo
559 4025 583 4068 01
594 4021 622 4067 id
627 4023 801 4082 assequemini,
816 4026 841 4069 01
847 4024 918 4070 rerba

315 4125 316 4128 =
382 4098 441 4146 binc
454 4098 562 4147 tollenti.

417 4178 473 4227 173.
498 4176 710 4238 interspirationis
731 4178 796 4225 enim
815 4206 849 4215 —
869 4192 920 4227 esse

380 4257 519 4305 voluerunt.
559 4256 666 4304 Vexavit
692 4256 733 4306 hic
759 4258 829 4305 locus
852 4256 919 4305 viros

381 4335 483 4392 doctos,
497 4348 579 4393 00000
592 4333 645 4395 ipse
659 4335 788 4395 acquiesco
801 4336 828 4381 in
841 4334 918 4383 libro-

381 4428 437 4461 rum
450 4412 570 4470 lectione,
586 4427 658 4473 quam
674 4413 802 4461 revocavit
814 4414 917 4461 Ellend-

381 4491 445 4548 1100,
471 4488 576 4551 probata
599 4490 802 4551 interpretatione
823 4491 919 4540 Orellii.

382 4568 502 4629 Equidem
517 4568 626 4629 suspicor
640 4569 702 4616 haec
716 4569 803 4617 melius
816 4568 919 4632 intelligi

964 3163 1031 3221 eius,
1053 3165 1109 3224 qni,
1130 3164 1198 3224 quod
1212 3165 1287 3222 dicit,
1307 3165 1497 3225 0010000001-

964 3242 1030 3299 ritu,
1055 3241 1217 3300 determinat,
1240 3250 1268 3291 01
1287 3244 1497 3305 100011001175,

965 3320 1007 3381 001
1026 3335 1077 3367 000
1098 3322 1154 3368 vult
1173 3323 1245 3368 rerba
1261 3324 1416 3383 perpetuare
1429 3322 1499 3383 spiri·

966 3398 1032 3455 tum,
1058 3402 1086 3446 01
1110 3403 1147 3446 001
1169 3404 1181 3458 ξ
1205 3400 1261 3446 181.
1304 3402 1354 3448 Sed
1374 3416 1498 3462 perperam

965 3478 1282 3535 000001001000011001100,
1297 3480 1499 3540 proincratione.

1000 3554 1057 3603 174.
1075 3568 1132 3601 nam
1144 3570 1205 3617 quae
1219 3556 1358 3618 [1000100]
1368 3558 1455 3605 musici
1461 3583 1499 3602 -.

967 3632 1081 3693 Suscepi,
1096 3634 1163 3693 quod
1171 3634 1414 3693 commendaveram,
1426 3634 1498 3695 quod-

967 3725 1014 3772 que
1042 3715 1141 3759 secutus
1168 3716 1205 3760 est
1225 3713 1365 3773 Kayserus,
1388 3714 1499 3774 quoniam

965 3790 1080 3851 vulgata,
1093 3804 1197 3853 namque
1209 3790 1268 3839 1000
1275 3790 1324 3839 dno
1331 3793 1432 3847 musici,
1446 3790 1502 3837 ferri

968 3869 1037 3915 nullo
1046 3869 1249 3929 modopoterant.
1267 3870 1388 3925 Primum,
1402 3884 1501 3931 namque

967 3947 1041 4008 longe
1059 3946 1182 3995 diversam
1195 3947 1301 3995 formam
1316 3946 1501 4011 argumentandi

967 4023 1084 4072 inchoare
1098 4026 1176 4081 00101,
1191 4030 1219 4073 01
1232 4040 1304 4083 mox,
1321 4031 1333 4085 ξ
1349 4028 1410 4085 184,
1426 4026 1502 4085 deque

968 4117 997 4150 ea
1017 4102 1190 4151 coniunctione
1210 4109 1325 4153 accurate
1347 4104 1431 4165 aliquo
1449 4105 1502 4151 1000

968 4180 1081 4241 exposuit
1107 4182 1259 4244 Madvigius:
1289 4182 1503 4240 1000,100οά00

968 4259 1089 4318 appellari
1102 4273 1152 4306 non
1166 4258 1271 4318 licebat,
1287 4276 1363 4322 quum
1377 4261 1502 4309 nihildum

967 4336 993 4384 in
1017 4337 1147 4385 antecedd.
1172 4337 1339 4400 significatum
1359 4344 1405 4389 est.
1445 4340 1501 4387 Per·

968 4415 1079 4475 spicuam
1093 4420 1176 4463 autem
1190 4421 1227 4463 est
1241 4432 1301 4475 non,
1317 4418 1379 4465 utin
1391 4416 1503 4479 primaria

968 4494 1098 4549 sententia,
1106 4495 1294 4543 commemorari
1304 4496 1441 4557 oportuisse
1449 4495 1503 4556 quid

969 4571 1055 4619 musici
1083 4578 1163 4621 esseni
1185 4572 1333 4631 machinati,
1355 4574 1397 4622 sed
1420 4574 1503 4621 borum
