3242 5500
374 545 443 613 154
697 563 811 611 amna
836 561 1039 610 sncuunus.
1068 544 1085 623 §
1112 543 1170 611 84.

370 734 481 806 sentio
514 741 611 806 tanta
644 732 708 804 hac
740 733 777 803 in
812 758 849 805 re
882 741 1025 828 tamque
1057 731 1230 804 immensa
1270 756 1372 828 posse
1407 732 1490 803 fieri.

371 844 434 915 Sin
471 849 591 914 autem
628 842 690 938 qui
726 841 959 928 arbitrantur,
997 840 1195 914 deducendi
1233 849 1316 914 sunt
1348 840 1393 912 ad
1414 866 1491 924 eos,

369 950 433 1047 qui
457 950 542 1024 haee
568 950 714 1023 docent:
739 953 859 1023 omnia
884 953 954 1023 iam
979 949 1150 1044 explicata
1166 958 1200 1022 et
1217 951 1389 1046 perpolita
1405 974 1492 1021 asse·

369 1067 541 1154 quantur:
576 1068 660 1133 sunt
692 1061 788 1132 enim
820 1057 1095 1132 innumerabiles
1120 1058 1163 1130 de
1187 1059 1242 1130 his
1266 1057 1372 1130 rebus
1396 1057 1492 1142 libri,

368 1160 484 1265 neque
508 1168 621 1241 abditi
646 1193 762 1264 neque
785 1169 937 1243 obscuri.
991 1168 1061 1239 Sed
1083 1168 1242 1253 videant,
1269 1168 1492 1264 quidvelint,

368 1277 414 1350 ad
438 1277 703 1364 ludendumne,
729 1304 774 1350 an
800 1279 846 1352 ad
870 1277 1104 1374 pugnandum
1129 1302 1225 1349 arma
1242 1278 1314 1350 sint
1332 1276 1492 1349 sumturi:

368 1387 466 1460 aliud
502 1388 598 1460 enim
636 1412 759 1483 pugna
794 1395 830 1459 et
864 1388 975 1473 acies,
1014 1385 1112 1458 aliud
1147 1386 1254 1458 ludus
1284 1409 1494 1482 campusque

368 1503 486 1568 noster
510 1495 694 1569 desiderat.
746 1495 916 1568 Attamen
942 1520 997 1567 ars
1022 1495 1099 1590 ipsa
1124 1495 1258 1567 ludicra
1285 1488 1490 1590 [armorum]

368 1614 404 1678 et
429 1604 613 1700 gladiatori
638 1612 672 1676 et
693 1605 799 1678 militi
824 1605 967 1701 prodest
992 1603 1147 1700 aliquid,
1175 1604 1238 1676 scd
1259 1604 1399 1676 animus
1421 1628 1495 1675 acer

370 1723 403 1786 et
432 1738 617 1809 praesens,
652 1721 688 1786 et
720 1722 846 1787 acutus
878 1715 973 1789 idem
1006 1721 1112 1809 atque
1144 1721 1324 1799 versutus,
1351 1713 1494 1785 invictos

314 1824 460 1896 saviros
487 1823 592 1894 afficit
621 1818 731 1918 [mon
756 1824 933 1896 difficilius
947 1831 1019 1896 arte
1032 1818 1248 1918 coniuncta]⁸
1290 1824 1372 1898 Qua
1383 1847 1420 1894 re
1433 1845 1494 1916 ego

369 1931 436 2004 tibi
469 1939 639 2005 oratorem
674 1932 723 2004 sic
757 1933 827 2004 iam
860 1933 1063 2018 instituam,
1099 1932 1129 2003 si
1158 1941 1300 2027 potero,
1326 1941 1386 2017 ut,
1413 1929 1494 2027 quid

372 2036 539 2137 [efficere]
567 2041 696 2136 possit,
722 2050 803 2113 ante
828 2042 1046 2138 perspiciam.
1093 2041 1145 2112 Sit
1158 2041 1253 2112 enim
1266 2041 1355 2113 mihi
1367 2041 1494 2112 tinctus

369 2151 498 2236 literis,
536 2150 688 2221 audierit
723 2149 880 2246 aliquid,
919 2151 1064 2246 legerit,
1102 2151 1170 2221 ista
1206 2149 1284 2244 ipsa
1316 2156 1494 2245 praecepta

369 2259 559 2354 acceperit;
585 2257 750 2344 tentabo,
777 2259 866 2355 quid
890 2259 1031 2344 deceat,
1058 2259 1146 2355 quid
1175 2283 1278 2344 voce,
1305 2258 1392 2355 quid
1416 2258 1493 2329 viri·

369 2368 458 2454 brrs,
485 2368 572 2464 quid
601 2368 745 2464 spiritu,
772 2368 860 2463 quid
884 2361 1008 2464 lsii‘gua
1036 2362 1202 2463 [edicere]
1226 2367 1348 2462 possit.
1388 2368 1426 2439 Si
1444 2367 1492 2438 in·

369 2478 549 2572 telligam,
575 2500 679 2572 posse
702 2476 748 2548 ad
773 2501 929 2550 summos
955 2477 1156 2572 pervenire,
1183 2501 1254 2548 non
1281 2477 1394 2548 solum
1417 2476 1491 2548 hor·

403 2703 484 2751 omnia
497 2700 546 2749 iarn
559 2701 686 2762 explicata
699 2701 910 2763 -aeeeqaeatoa
960 2704 1062 2758 ventor,
1077 2703 1155 2749 artem
1168 2698 1242 2748 facile
1256 2698 1374 2763 coniungi
1387 2713 1443 2746 cum
1454 2697 1494 2746 illo

369 2781 464 2831 Desero
478 2794 561 2836 nunc,
577 2780 644 2839 quod
657 2779 683 2825 in
698 2778 910 2827 hisolimtentavi.
960 2779 1042 2826 animo
1056 2778 1122 2836 aori,
1143 2776 1271 2835 debilitat,
1286 2783 1328 2826 aut
1341 2779 1422 2840 potius
1434 2778 1495 2826 tollit
1600 2768 1601 2773 ’

370 2857 421 2906 Sed
433 2859 503 2905 nulla
515 2857 725 2905 demonstratione
737 2856 835 2919 indiget
845 2856 912 2904 istud
958 2857 1022 2905 illud
1035 2857 1131 2918 ipsum,
1154 2856 1221 2917 quod
1234 2858 1309 2905 modo
1324 2857 1416 2905 dictum
1431 2861 1493 2912 erat,

369 2935 569 2998 assequentem
582 2935 643 2984 vitio
656 2949 718 2984 esso.
732 2936 835 2992 -Sed,
849 2949 911 2995 quo·
960 2949 1050 2996 nempe
1064 2940 1142 2983 artem
1156 2934 1249 2997 aliquid
1262 2936 1363 2996 quidem
1373 2936 1494 2996 prodesse,

370 3015 436 3061 niam
451 3013 488 3061 his
502 3028 560 3061 mox
574 3012 715 3071 subiicitur,
729 3015 789 3061 eant
800 3016 866 3061 enim
878 3041 912 3049 -
959 3014 1017 3071 sed,
1032 3028 1081 3075 que
1093 3013 1139 3061 viri
1151 3012 1235 3061 invicti
1244 3015 1316 3070 fiant,
1332 3013 1494 3062 esseanimum

371 3093 444 3150 liert,
465 3106 517 3139 non
537 3097 630 3140 temere
650 3092 712 3139 mihi
732 3092 819 3140 videor
832 3093 912 3154 snspi·
959 3105 1050 3139 acrem.
1069 3092 1130 3149 Sed,
1149 3092 1209 3151 quid
1222 3097 1259 3139 est
1268 3091 1333 3139 illud
1344 3092 1460 3154 difficile?
1473 3096 1495 3137 et

370 3170 437 3229 cari,
457 3170 553 3231 aliquid
573 3170 691 3217 excidisse
709 3177 766 3231 post
777 3170 855 3219 verba
870 3174 912 3233 pai
960 3185 1009 3231 quo
1028 3170 1137 3231 pertinet
1157 3170 1363 3231 comparativus?
1397 3171 1435 3218 Ne
1448 3168 1494 3215 dici

371 3250 431 3296 haec
457 3249 559 3306 docent,
584 3262 632 3308 quo
653 3248 777 3298 diceretur
797 3266 829 3298 ne
849 3265 911 3312 opus
960 3248 1059 3309 quidem
1073 3248 1369 3309 poteratur-reanimato,
1383 3247 1495 3309 quoniam

370 3326 470 3387 quidem
498 3340 551 3374 esse
574 3325 730 3385 doctoribus,
751 3342 810 3375 nam
830 3329 912 3377 omnia
960 3327 1055 3374 nullam
1080 3327 1275 3375 coniunctionem
1295 3327 1391 3375 animus
1410 3325 1494 3374 admit·
1598 3352 1599 3359 κ

370 3404 421 3465 peti
435 3418 507 3466 posse
522 3418 536 3451 e
549 3402 627 3452 libris.
642 3405 811 3465 —Perpolita
824 3407 911 3456 eodem
958 3404 996 3453 tit.

371 3482 446 3531 modo
459 3483 576 3531 dicuntur
589 3482 669 3540 infra,
685 3488 697 3542 ξ
713 3484 770 3532 201.
994 3486 1034 3531 85.
1052 3484 1082 3531 ot
1108 3482 1169 3545 qaid
1190 3484 1310 3547 [efficerd
1328 3484 1423 3544 porat,
1441 3483 1496 3530 ante

404 3575 447 3609 ara
460 3563 513 3622 ipra
529 3560 786 3624 ludicra[armoram]
797 3564 910 3623 -prod-
955 3561 1114 3622 perspiciam.
1149 3562 1244 3623 Supra,
1265 3562 1333 3611 adl.
1349 3566 1361 3620 §
1379 3564 1438 3619 126,
1453 3576 1495 3609 no-

371 3641 409 3687 eet
423 3639 526 3701 aliquid.
551 3639 669 3689 Latinum
690 3654 741 3688 non
761 3645 799 3689 est
812 3654 855 3687 arr
868 3655 910 3689 ar·
958 3640 1024 3697 tavi,
1045 3640 1109 3687 illud
1128 3640 1223 3701 affirm
1236 3640 1413 3701 interpolatum
1427 3653 1494 3696 esse,
1597 3682 1598 3693 ,

371 3732 479 3774 moram,
495 3723 520 3765 et
533 3724 686 3778 postremum
700 3718 748 3767 hoc
760 3718 911 3767 vocabulum
959 3719 1026 3779 quod
1045 3718 1102 3767 ideo
1123 3732 1222 3780 quoque
1243 3718 1302 3767 hinc
1325 3719 1432 3767 alienum
1446 3721 1494 3773 est,

370 3795 547 3856 interpolatum
561 3801 605 3844 est.
624 3797 674 3844 Sed
686 3803 829 3858 praeterea,
844 3798 911 3858 quod
960 3796 1027 3856 quod
1044 3796 1146 3845 dicendo
1160 3797 1221 3857 quid
1233 3800 1329 3859 affirm
1341 3796 1387 3859 ipsi
1402 3800 1495 3844 tantum

370 3872 396 3920 in
410 3872 458 3919 hec
471 3874 592 3922 sonantia
605 3874 631 3921 in
643 3875 786 3936 praedicato
797 3876 910 3936 ponitur,
959 3874 1062 3923 oratoris
1082 3875 1172 3924 actioni
1191 3874 1266 3924 tribui
1279 3880 1376 3937 potest,
1397 3889 1447 3923 non
1461 3874 1495 3930 ei,

366 3951 472 4010 prodeat
490 3953 601 4011 aliquid,
621 3952 738 4001 convenit
755 3954 845 4011 militi,
861 3970 911 4003 non
960 3954 1001 4014 qui
1014 3954 1077 4001 illud
1090 3953 1241 4001 curriculum
1253 3954 1365 4001 nondum
1375 3954 1496 4015 ingressus
1596 3968 1597 3997 i

371 4028 430 4076 item
446 4030 593 4091 pladiatori,
613 4030 653 4077 oui
666 4031 692 4078 in
705 4031 749 4079 illa
762 4036 815 4081 arte
830 4033 912 4081 omnia
959 4038 1004 4088 esu
1012 4032 1185 4093 diversumque
1193 4036 1239 4089 est,
1247 4033 1314 4093 quod
1323 4030 1495 4088 eallesml,

371 4106 450 4168 posita
469 4113 540 4156 sunt:
562 4109 610 4159 hoo
629 4109 705 4171 igitur
719 4110 910 4173 corrigendum,
960 4110 1003 4159 ubi
1030 4110 1061 4159 dc
1088 4126 1131 4159 ore
1152 4110 1242 4159 dicitur
1266 4110 1332 4159 hene
1352 4124 1404 4158 esse
1423 4122 1495 4157 unam

369 4185 531 4248 placitatoria,
559 4192 585 4235 et
604 4187 735 4249 utrobique
756 4192 847 4251 copula
867 4190 910 4239 de·
960 4194 1056 4251 partem
1070 4189 1193 4250 corporis,
1209 4204 1282 4251 qaae,
1296 4189 1496 4250 quotaaimr‘mo·

371 4264 454 4312 lende.
961 4269 1002 4315 tos·
1014 4267 1088 4325 aaut,
1104 4268 1141 4315 tot
1154 4267 1345 4329 sipmficata'oaea
1353 4266 1433 4326 poerit
1446 4264 1494 4326 effi·

407 4344 467 4403 [aon
483 4344 609 4406 difficilius
621 4346 679 4392 orte
692 4346 846 4407 coniuncta}
881 4348 912 4395 In
961 4360 1023 4393 cere.
1060 4344 1125 4397 Quid
1139 4346 1221 4405 poscit
1246 4345 1352 4393 refertur
1364 4342 1496 4391 tantumad

372 4419 473 4479 Kayseri
493 4421 601 4469 editione
622 4422 684 4471 haec
702 4424 799 4472 uncinis
817 4425 912 4475 inclusa
961 4429 1062 4472 naturae
1082 4423 1163 4481 bona,
1186 4438 1249 4484 quae
1266 4424 1292 4471 in
1304 4424 1388 4471 futuro
1401 4428 1496 4469 oratore

363 4499 483 4558 .repcrio;
507 4499 607 4556 merito,
630 4505 658 4548 ut
671 4500 731 4548 mihi
745 4502 852 4551 videtur.
887 4504 912 4552 Si
961 4502 1130 4563 requiruntur:
1146 4502 1204 4551 binc
1218 4517 1291 4560 mox,
1307 4506 1319 4560 §
1336 4503 1379 4559 86,
1395 4502 1437 4561 qui
1451 4501 1495 4547 ali-

372 4573 420 4622 hoc
434 4576 515 4624 dicere
531 4579 609 4627 voluit
623 4578 712 4626 borum
727 4578 859 4629 verborum
874 4582 912 4629 in·
962 4582 1023 4642 qaid
1030 4582 1126 4641 petest,
1146 4583 1226 4643 etqui
1241 4582 1330 4641 optime
1338 4580 1430 4640 potent.
1449 4578 1495 4627 Sed
