3242 5500
382 524 452 593 124
712 540 827 589 rnaua
853 539 1042 590 sacuunus
1070 523 1088 603 §
1115 522 1170 591 10.
1242 549 1244 553 ·

379 714 459 809 ιιοιι
493 738 588 785 nunc
622 713 835 810 quibusdam
870 712 988 799 libris,
1026 737 1114 808 quos
1139 719 1180 784 tu
1201 719 1355 806 agrestes
1376 720 1497 807 putas,

378 823 565 918 insequor,
601 829 641 894 ut
674 822 832 894 erudiam
870 821 972 917 (quid
1006 822 1101 893 enim
1130 830 1192 893 tua
1210 829 1325 918 potest
1349 824 1498 894 oratione

378 940 439 1005 aut
462 932 645 1018 subtiliuS,
671 940 733 1003 aut
743 932 900 1003 ornatius
911 931 1008 1003 esse?
1033 931 1094 1003 sed
1108 925 1309 1026 [quoniam]
1323 931 1395 1002 sive
1412 932 1496 1004 iudi·

378 1042 451 1128 eiu,
488 1050 526 1113 ut
562 1041 651 1113 soles
677 1041 811 1127 dicere,
840 1041 930 1126 sive,
956 1049 995 1113 ut
1018 1041 1077 1112 ille
1100 1047 1199 1136 pater
1219 1039 1441 1136 eloquentiae
1460 1042 1498 1112 de

379 1178 415 1223 se
440 1146 642 1247 [Isocrates]
665 1150 804 1245 scripsit
825 1150 921 1245 ipse,
948 1150 1082 1245 pudore
1105 1173 1126 1220 a
1148 1148 1298 1222 dicendo
1318 1156 1353 1221 et
1370 1149 1496 1221 timidi-

304 1300 306 1307 *
378 1270 451 1333 tate
474 1262 629 1358 ingenua
648 1260 800 1356 quadam
813 1259 993 1355 refugisti,
1020 1259 1111 1345 sive,
1137 1258 1384 1354 utipseiocari
1398 1260 1497 1344 solas,

378 1396 490 1443 unum
522 1369 652 1466 putasti
680 1369 764 1441 satis
789 1393 864 1441 esse
889 1390 961 1440 non
986 1368 1091 1440 modo
1114 1369 1151 1441 in
1174 1391 1246 1439 una
1270 1368 1405 1439 familia
1426 1368 1497 1439 rhe-

377 1489 509 1565 torem,
545 1479 607 1551 sed
629 1503 740 1575 paene
760 1479 796 1550 in
822 1486 897 1550 tota
918 1478 1094 1565 civitate),
1121 1501 1193 1549 non
1218 1484 1336 1549 tamen
1358 1469 1499 1549 arbitror

378 1590 445 1661 tibi
474 1588 538 1661 hos
571 1587 679 1661 libros
698 1588 735 1659 in
763 1611 803 1659 eo
826 1587 899 1659 fore
919 1612 1070 1683 genere,
1096 1587 1192 1681 quod
1216 1587 1340 1658 merito
1363 1595 1498 1683 propter

325 1720 351 1765 ιι
379 1724 520 1785 eorum,
548 1699 610 1794 qui
634 1697 832 1769 dedicandi
852 1698 985 1769 ratione
1008 1697 1255 1793 disputarunt,
1281 1696 1497 1769 ieiunitatem

377 1808 549 1881 bonarum
569 1807 698 1879 artium
720 1807 830 1903 possit
851 1806 964 1880 illudi.
1016 1806 1117 1878 Nihil
1140 1806 1234 1878 enim
1255 1804 1343 1905 mihi
1361 1806 1498 1903 quidem

337 1963 344 1971 -
380 1918 518 1989 videtur
541 1917 578 1988 in
603 1915 719 1988 Crassi
742 1923 776 1987 et
798 1914 945 1987 Antonii
973 1940 1131 1987 sermone
1156 1939 1232 1987 esse
1256 1916 1497 2009 praeteritum,

379 2026 474 2123 quod
485 2026 672 2121 quisquam
683 2025 830 2097 summis
842 2026 1012 2120 ingeniis,
1024 2024 1200 2097 acerrimis
1214 2024 1354 2111 studiis,
1372 2026 1499 2121 optima

379 2136 554 2221 doctrina,
577 2135 730 2207 maximo
758 2159 827 2207 usu
853 2134 1016 2231 cognosci
1036 2159 1076 2206 ac
1093 2134 1226 2230 percipi
1241 2133 1401 2230 potuisse
1414 2134 1497 2206 arbi·

379 2226 547 2354 tristetur:
575 2245 670 2341 quod
691 2254 731 2317 tu
750 2244 914 2316 facillimo
932 2244 1061 2341 poteris
1074 2243 1247 2329 iudicare,
1274 2244 1336 2339 qui
1348 2244 1497 2340 pruden-

378 2355 464 2427 tiam
497 2350 738 2449 rationemque
769 2354 910 2425 dicendi
944 2378 1006 2449 per
1037 2361 1073 2425 te
1093 2356 1230 2449 ipsum,
1256 2377 1363 2426 usum
1387 2361 1499 2426 autem

379 2490 441 2561 per
465 2488 528 2535 nos
552 2464 730 2560 percipere
753 2463 906 2535 voluisti.
960 2463 1049 2549 Sed,
1076 2486 1146 2559 quo
1170 2461 1274 2533 citius
1295 2460 1383 2549 hoe,
1411 2460 1498 2558 quod

308 2628 314 2638 .
381 2574 619 2670 suscepimus,
646 2596 716 2645 non
748 2573 923 2645 mediocre
958 2576 1087 2647 munus
1112 2572 1282 2644 conficere
1306 2554 1497 2666 possimus,

378 2683 506 2756 omissa
518 2690 636 2755 nostra
646 2681 909 2770 adhortatione,
928 2681 1124 2767 adeorum,
1143 2705 1230 2778 quos
1243 2682 1497 2778 proposuimus,

322 2813 352 2860 ia
381 2818 577 2866 sermonem
603 2793 951 2888 disputationemque
981 2791 1174 2865 veniamus.
1311 2782 1314 2785 ¹

426 2903 570 2976 Postero
583 2903 692 3003 igitur
705 2902 773 2988 die,
793 2926 899 2998 quam
912 2901 972 2973 illa
985 2909 1083 2972 erant
1094 2908 1183 2986 acta,
1197 2899 1281 2972 hora
1293 2900 1367 2971 sere
1380 2924 1497 2972 sccun-

380 3013 444 3099 da,
471 3036 582 3107 quum
600 3013 706 3083 etiam
723 3019 800 3088 tum
814 3013 851 3083 in
865 3011 955 3083 lecto
968 3011 1116 3082 Crassus
1129 3017 1240 3095 esset,
1267 3016 1300 3081 et
1312 3010 1412 3106 apud
1423 3033 1498 3081 eum

381 3121 558 3218 Sadpicius
572 3120 723 3207 sederet,
737 3120 916 3193 Antonius
928 3128 1047 3198 autem
1059 3118 1293 3199 inambularet
1305 3144 1390 3193 cum
1404 3120 1499 3196 Cotta

378 3391 557 3450 proptereaque
581 3402 632 3435 non
653 3401 682 3436 eo
703 3387 806 3435 consilio
828 3387 915 3435 Cicero
964 3400 1046 3447 neque
1060 3385 1126 3434 eninr
1140 3399 1154 3433 a
1167 3385 1297 3443 docendo,
1314 3387 1359 3434 sed
1373 3402 1390 3434 a
1404 3387 1499 3436 diceudo

379 3465 464 3515 scribit
482 3467 528 3514 hos
548 3468 587 3515 De
607 3467 711 3515 Oratore
729 3464 805 3515 libros
819 3465 913 3513 adira·
965 3464 1071 3523 Quintus
1084 3463 1219 3526 refugerat.

378 3551 441 3594 trem
460 3545 523 3594 mitti
538 3559 606 3604 ase,
622 3549 649 3592 ut
663 3559 719 3593 eum
734 3543 843 3592 erudiret
855 3544 914 3592 rhe-
1000 3543 1039 3590 ll.
1056 3542 1236 3590 arbitraretur.
1252 3541 1449 3606 corrigendum,
1461 3558 1498 3590 ar·

378 3623 461 3672 toricis
473 3623 620 3686 praeceptis.
636 3624 675 3671 Sic
683 3623 822 3670 excluditur
829 3638 913 3685 qaam·
964 3621 1086 3678 bitretar,
1100 3626 1129 3668 ut
1142 3621 1274 3681 Kayserus.

378 3718 465 3764 quam,
486 3702 553 3764 quod
573 3704 691 3749 Ernestus
712 3700 825 3750 substitui
846 3715 914 3749 com·
998 3699 1040 3758 qui
1049 3699 1171 3758 prudent·
1221 3698 1499 3759 -percr'pcreaohriati,

378 3778 512 3829 mendabat
523 3779 563 3828 isti
577 3781 705 3841 proraiam:
720 3779 915 3828 totaenimhaec
964 3779 1047 3834 Quum
1066 3776 1092 3823 in
1112 3780 1210 3824 oratore
1231 3777 1280 3825 duo
1293 3777 1464 3838 requirantur,
1477 3780 1500 3824 et

378 3859 530 3921 parenthesis
543 3859 650 3919 pertinet
664 3872 740 3918 usqne
754 3858 785 3905 ad
798 3855 915 3906 verbula
964 3857 1030 3902 ratio
1050 3855 1162 3912 dicendi,
1182 3855 1199 3902 i.
1218 3869 1241 3904 e.
1255 3869 1294 3904 ars
1306 3855 1377 3916 ipsa,
1392 3861 1418 3906 et
1430 3870 1498 3912 uses,

379 3940 431 3986 totu
451 3937 568 3992 ciritctc,·
593 3941 618 3984 et
637 3937 703 3998 quod
723 3935 845 3997 sequitur,
868 3950 916 3983 aar
963 3933 1047 3990 illam,
1083 3933 1169 3994 nquit,
1193 3933 1246 3995 ipse
1265 3933 1416 3995 percepisti,
1437 3935 1501 3981 hunc

379 4019 461 4064 lamera
472 4043 520 4073 -,
534 4015 641 4064 refertur
661 4015 693 4062 ad
712 4015 770 4071 illa,
792 4028 855 4074 quae
867 4014 914 4061 ini·
964 4025 1008 4073 per
1022 4026 1062 4060 me
1069 4013 1170 4072 percipi
1180 4013 1294 4066 miniati,·
1308 4026 1357 4073 quo
1365 4013 1442 4060 modo
1449 4025 1499 4059 cor·

377 4095 411 4143 tio
431 4092 600 4156 ponebantur,
622 4108 666 4141 aec
685 4106 740 4141 vcro
761 4095 785 4140 tc
804 4119 838 4127 -
857 4106 914 4139 erar·
963 4090 1094 4152 figendum
1108 4090 1167 4138 milri
1182 4090 1289 4138 videtur.
1307 4090 1500 4138 Incredibileest

378 4174 452 4220 diam.
964 4167 1030 4216 euim
1043 4173 1071 4216 ut
1085 4169 1138 4230 quis
1150 4182 1221 4216 caum
1227 4183 1277 4229 per
1287 4169 1499 4230 aliumpercipiat.

411 4254 440 4299 ul
454 4253 505 4310 ipae
519 4253 595 4300 iocari
607 4254 676 4299 soles.
695 4251 757 4298 Fieri
772 4264 823 4298 non
834 4253 916 4310 potest
999 4248 1037 4294 13.
1059 4263 1086 4294 se
1105 4247 1203 4295 cedmae
1223 4247 1356 4308 [dicebat]
1399 4249 1500 4308 Propter

380 4334 407 4378 ut
428 4330 515 4378 Cicero
536 4329 661 4391 scripserit
681 4330 752 4376 soleo.
787 4327 837 4374 Sed
857 4342 915 4374 mox
964 4325 1112 4374 antecedens
1133 4325 1211 4383 dicar,
1237 4325 1324 4372 melius
1345 4324 1394 4373 hoc
1409 4325 1501 4374 dicebat

377 4409 563 4471 corrigendum,
578 4395 708 4462 oratorem,
723 4406 912 4467 prorlretorcm:
964 4396 1098 4452 omittatur.

377 4501 457 4547 neque
486 4487 551 4534 enim
573 4484 690 4534 credibile
712 4488 748 4532 est
769 4483 914 4532 Ciceronem
1000 4485 1038 4530 14.
1065 4481 1200 4530 acrearum
1222 4483 1259 4528 ira
1279 4482 1361 4528 dicere
1385 4481 1499 4544 [aicbat]¹

379 4564 403 4610 h.
423 4565 447 4624 l.
473 4565 591 4628 cogitasse
613 4566 643 4612 de
664 4563 762 4611 dicendi
783 4563 912 4626 magistro:
965 4563 995 4609 Et
1008 4561 1094 4610 inutile
1108 4561 1133 4608 h.
1147 4562 1178 4619 l.,
1194 4558 1500 4621 etimpropriumastillud
