3242 5500
378 575 447 643 116
724 596 837 645 ninus
864 597 1003 645 narnus
1031 579 1047 659 l
1073 578 1155 647 261.

373 765 452 849 bat;
490 791 603 863 neque
628 770 657 839 is
681 770 875 841 consistens
898 768 935 839 in
960 769 1059 854 loce,
1086 769 1147 841 sed
1171 768 1416 853 inambulans,
1442 777 1488 839 at·

304 906 349 952 rna
374 900 443 971 que
474 876 646 949 adscensu
678 878 880 974 ingrediens
914 872 1054 972 arduo]
1107 876 1176 950 His
1212 903 1278 974 ego
1311 878 1491 950 cohortati·

376 983 527 1071 onibus,
565 986 710 1073 Crasse,
746 986 790 1059 ad
826 986 983 1059 studium
1013 995 1048 1058 et
1080 987 1125 1059 ad
1158 987 1313 1059 laborem
1349 988 1490 1059 incitan-

376 1094 439 1165 dos
474 1094 618 1166 iuvenes
651 1096 876 1167 vehementer
907 1096 1096 1169 assentior:
1133 1104 1269 1182 cetera,
1308 1121 1398 1191 quae
1427 1096 1491 1167 col·

375 1204 491 1298 legisti
524 1229 566 1275 ex
601 1206 704 1277 variis
738 1213 771 1276 et
796 1205 941 1277 diversis
966 1205 1091 1278 studiis
1116 1214 1150 1277 et
1173 1205 1330 1291 artibus,
1357 1205 1491 1277 tametsi

376 1313 451 1409 ipse
488 1338 525 1384 es
561 1315 679 1385 omnia
713 1322 943 1400 consecutus,
980 1323 1098 1387 tamen
1121 1314 1166 1387 ab
1189 1315 1335 1386 oratoris
1358 1314 1493 1410 proprio

374 1422 487 1493 officio
510 1431 616 1519 atque
640 1447 784 1494 munere
809 1424 965 1495 seiuncta
987 1449 1062 1495 esse
1086 1424 1245 1496 arbitror.

302 1534 347 1603 62
422 1530 520 1602 Haec
545 1556 656 1626 quunr
679 1532 859 1604 Antonius
869 1533 1037 1618 dixisset,
1063 1558 1147 1605 sane
1159 1532 1320 1607 dubitare
1330 1532 1427 1604 visus
1443 1536 1492 1602 est

375 1640 551 1735 Sulpicius
586 1648 622 1713 et
656 1640 782 1726 Cotta,
808 1642 921 1713 utrius
949 1642 1058 1713 oratio
1079 1643 1223 1738 propius
1247 1626 1292 1714 ad
1314 1642 1491 1713 veritatem

301 1769 348 1817 aaa
373 1748 548 1820 videretur
559 1750 732 1822 accedere.
759 1750 850 1822 Tum
863 1750 1028 1837 Crassus,
1047 1751 1256 1848 Operarium
1268 1750 1372 1822 nobis
1385 1775 1491 1847 quen·

373 1857 474 1943 dam,
499 1856 657 1945 Antoni,
683 1868 856 1932 oratorem
879 1860 986 1946 facis;
1013 1868 1118 1956 atque
1143 1860 1238 1933 haud
1258 1860 1346 1946 scio,
1375 1884 1420 1932 an
1433 1860 1491 1931 eli·

371 1973 425 2039 ter
457 1968 608 2049 sentias,
647 1978 682 2043 et
717 1976 817 2041 utare
853 1976 915 2041 tua
938 1969 999 2041 illa
1022 1969 1173 2041 mirifica
1195 1969 1240 2041 ad
1266 1969 1494 2041 refellendum

372 2076 648 2163 consuetudine,
675 2102 744 2173 qua
767 2077 834 2150 tibi
858 2103 961 2149 nemo
986 2103 1155 2176 umquam
1178 2078 1370 2174 praestitit:
1396 2078 1494 2150 cuius

372 2185 516 2281 quidem
551 2186 664 2281 ipsius
699 2187 874 2259 facultatis
911 2188 1113 2260 exercitatio
1147 2196 1323 2260 oratorum
1357 2188 1496 2283 propria

375 2300 446 2380 est,
478 2294 540 2367 sed
564 2296 634 2367 ianr
659 2295 696 2367 in
721 2296 1011 2394 philosophorum
1035 2297 1290 2369 consuetudine
1314 2305 1493 2382 versatim,

372 2404 595 2499 maximeque
619 2429 759 2491 eorum,
787 2407 849 2500 qui
873 2406 918 2477 de
941 2406 1038 2478 ornni
1060 2430 1098 2478 re
1121 2406 1300 2502 proposita
1312 2406 1351 2477 in
1364 2414 1495 2479 utram·

299 2534 345 2581 aar
372 2536 441 2609 que
464 2521 601 2607 partem
626 2513 739 2585 solent
763 2515 1003 2610 copiosissime
1026 2514 1152 2587 dicere.
1196 2514 1328 2586 Verum
1346 2539 1414 2609 ego
1425 2540 1494 2587 non

372 2622 486 2694 solum
509 2620 722 2709 arbitrabar,
749 2622 805 2695 his
829 2624 1033 2719 praesertim
1057 2623 1304 2710 audientibus,
1330 2648 1350 2695 a
1374 2648 1433 2695 me
1444 2626 1495 2695 in·

370 2730 511 2804 formari
536 2739 714 2829 oportere,
742 2733 857 2829 qualis
881 2759 956 2806 esse
980 2741 1099 2830 posset
1119 2733 1171 2820 is,
1198 2734 1260 2830 qui
1274 2732 1494 2806 habitaretin

373 2839 568 2927 subselliis,
620 2867 734 2938 neque
775 2842 970 2939 quidquam
1004 2844 1156 2940 amplius
1190 2844 1347 2929 afferret,
1391 2869 1495 2940 quam

372 2949 467 3046 quod
499 2965 683 3023 causarum
719 2953 908 3024 necessitas
930 2954 1122 3049 postularet
1134 2986 1143 3038 ;
1171 2953 1232 3025 sed
1256 2953 1370 3025 maius
1393 2953 1495 3050 quid-

372 3290 413 3338 vel
440 3288 548 3352 cogitato
575 3301 619 3345 eo,
642 3302 691 3350 quo
711 3288 764 3350 quis
785 3289 911 3338 ascendat.
960 3287 1011 3338 loci
1030 3288 1126 3338 correxi
1142 3290 1213 3352 vulg.
1231 3289 1311 3346 Mace,
1326 3295 1352 3337 et
1365 3289 1433 3350 edidi
1453 3290 1497 3336 tte.

406 3369 476 3417 Haec
482 3366 529 3416 nisi
536 3367 589 3428 quis
596 3366 656 3418 mihi
664 3366 787 3428 expediat,
795 3366 910 3425 manebo,
995 3369 1052 3416 263.
1070 3369 1138 3415 haud
1147 3369 1212 3426 reio,
1226 3382 1259 3414 aa
1271 3394 1305 3403 -
1317 3370 1392 3415 ctare
1405 3370 1499 3416 lucilla

372 3450 401 3494 nt
427 3445 492 3503 dixi,
520 3446 546 3494 in
571 3445 708 3503 sententia,
728 3449 808 3494 totum
829 3447 912 3494 locum
961 3445 1068 3508 mirifica
1086 3446 1121 3493 ad
1139 3445 1303 3506 refellendam
1317 3446 1498 3494 mammam.

371 3523 456 3586 inepte
470 3523 646 3585 interpolatum
661 3537 724 3572 esse.
961 3525 1018 3572 Non
1033 3522 1127 3587 urgebo
1141 3524 1417 3587 nunc‚propriemagis
1426 3525 1497 3573 Cras-

406 3605 464 3652 262.
482 3604 634 3650 venementer
642 3603 773 3650 assentior.
791 3605 912 3651 assensus
961 3616 1016 3650 sum
1042 3602 1165 3650 dicturum
1191 3601 1266 3650 fuisse
1286 3604 1405 3660 abutare,
1427 3617 1498 3664 quam

372 3687 410 3732 est
422 3681 483 3729 mihi
496 3680 651 3738 Ellendtius,
670 3680 845 3742 corrigendum
859 3693 913 3728 esse
960 3681 1048 3728 utare:
1067 3681 1112 3728 aed
1131 3680 1230 3743 gravius
1244 3680 1292 3728 hoc
1303 3684 1341 3728 est
1353 3686 1498 3742 peccatam,

373 3774 465 3808 camec.
484 3759 595 3815 Scilicet,
609 3758 912 3806 illaecotortatioaeanon
961 3758 1029 3818 qnod
1047 3758 1155 3819 primum
1175 3757 1324 3806 comiado
1340 3758 1450 3820 naimflca
1462 3759 1498 3805 di·

372 3842 443 3886 erant
451 3837 544 3894 Crassi,
559 3837 603 3885 sed
609 3836 685 3898 ipsius
693 3837 806 3894 Antonii,
821 3851 912 3898 nempe
961 3836 1037 3893 aian,
1052 3836 1134 3896 quod,
1151 3851 1300 3897 quamquam
1313 3837 1416 3884 defendi
1429 3851 1500 3898 posse

373 3916 515 3976 exemplum
532 3929 546 3962 a
567 3914 735 3964 Demosthene
752 3915 872 3976 petitum,
887 3919 913 3962 et
961 3928 1011 3962 non
1026 3929 1157 3976 negarem,
1171 3915 1220 3963 nisi
1231 3919 1378 3976 sequeretur
1392 3931 1442 3976 qua
1456 3916 1500 3962 riti

373 3993 522 4042 assentimur
533 3993 633 4041 alterius
645 3993 790 4050 sententiae,
805 3998 834 4040 ut
840 3995 912 4040 Brut.
961 4006 1030 4040 nemo
1044 3992 1194 4052 praestita,
1208 3993 1326 4054 relinquit
1338 3998 1424 4042 tamen
1438 3996 1499 4042 alte·

374 4075 440 4132 922,
454 4073 500 4128 39,
515 4072 575 4120 227:
590 4077 656 4127 tum,
672 4085 722 4118 non
729 4071 819 4132 negavi
832 4071 913 4134 (quod
960 4085 1029 4127 rum,
1044 4071 1193 4118 mmaetudo
1203 4072 1238 4118 ad
1247 4071 1425 4129 refellendam,
1440 4086 1499 4119 con·

372 4155 443 4212 putat
459 4150 498 4198 vir
518 4147 697 4212 doctissimus),
719 4150 842 4197 assentior
854 4163 911 4196 cum
959 4153 999 4196 tra
1032 4153 1187 4197 constantem
1217 4155 1347 4210 syntaxeos
1376 4165 1499 4197 normam.

372 4229 498 4278 Infinitive
519 4233 544 4276 et
567 4228 715 4276 Accusativo
742 4227 801 4288 poni
828 4226 911 4291 (euius
961 4227 1500 4291 Equidemcorrigendumconiicio,mirifica

373 4309 486 4368 exempla
498 4306 561 4354 haec
574 4307 637 4362 sint,
653 4306 763 4362 insat,
778 4306 824 4363 39,
839 4304 910 4367 227),
960 4306 1095 4352 accareu·
1115 4306 1249 4364 refellendi
1267 4309 1339 4365 arte,
1353 4321 1429 4367 qnam
1444 4320 1501 4354 mox

373 4387 417 4435 sed
434 4385 573 4447 postulavi,
587 4387 615 4431 ut
629 4383 753 4432 diceretur
772 4384 912 4447 incitandos
954 4384 1108 4444 sacrantem
1122 4385 1243 4445 appellat.

373 4479 423 4512 erac
443 4465 540 4510 iuvenes
559 4462 696 4518 assentior,
717 4460 769 4508 sine
784 4461 911 4510 infinitivo
993 4463 1141 4510 emundatio
1152 4489 1186 4496 -
1200 4463 1436 4522 inpreceptorum
1443 4477 1500 4511 coa·

373 4546 455 4589 autem
468 4555 552 4590 emec
565 4539 626 4597 dici,
641 4544 668 4588 ut
675 4542 823 4600 supra544,
839 4540 911 4588 tauta
959 4541 1089 4588 suetudine
1108 4543 1231 4588 amantur.
1265 4541 1394 4600 Primum,
1414 4541 1442 4588 in
1464 4540 1502 4587 his

371 4620 511 4682 profitenda
531 4634 578 4666 noa
596 4632 687 4666 remeo.
701 4645 735 4654 -
749 4617 823 4666 Initio
837 4617 910 4666 huius
960 4618 1063 4666 offendit
1076 4620 1143 4679 quod
1156 4619 1221 4668 inter
1234 4633 1260 4667 se
1273 4619 1368 4680 opponi
1381 4620 1500 4669 videntur
